1872 3104
704 223 1034 254 LATlNl'l'ATlS.
1548 218 1576 258 H

177 319 292 361 glorlae
310 317 344 351 H
359 320 411 350 28.
454 315 566 358 efferre
580 316 612 347 in
627 316 738 356 vulgus
756 317 787 348 G
806 317 829 355 i,

175 366 228 395 46.
251 363 295 402 vi,
311 363 360 392 13.
403 357 510 400 effer-n
531 359 694 390 iracundia
711 359 742 391 G
759 360 829 398 viii,

178 408 229 436 19.
272 402 372 434 studio
400 401 428 433 C
455 401 478 439 i,
505 404 558 433 45.
599 402 702 441 gloria
729 402 757 434 C
781 402 828 441 iii,

177 450 228 477 79.
272 444 383 475 loeeitia
399 443 431 474 G
447 443 518 483 viii,
534 446 587 475 29.

134 489 263 530 Efficere
288 486 422 526 spatium
447 495 537 516 mrsu
564 489 595 516 et
621 486 749 525 viribus,
774 487 829 517 ab·

173 531 300 560 solvere
316 528 347 558 G
367 528 412 565 iv,
440 531 491 560 35.
536 529 652 569 efficere
668 539 829 560 numerum

172 571 307 601 militum
323 570 353 601 G
372 571 428 609 vii,
443 573 476 600 4.
522 572 568 602 cf.
582 571 736 612 conficere.

131 612 278 653 Effodere
287 613 420 652 domum,
431 613 462 643 vi
475 613 620 654 aperire,
629 613 829 653 aufbrechen,

162 653 251 692 faire
267 654 430 695 effraction
446 655 472 686 C
490 656 536 693 iii,
551 658 606 686 42.

128 695 299 738 Effundere
313 706 345 728 se
359 698 392 728 in
407 707 510 738 agros,
536 707 600 739 per
622 706 680 729 eos
704 698 830 739 spargi,

169 740 288 780 vagari
307 740 337 771 G
354 749 387 780 v,
405 743 455 771 19.

129 781 251 820 Εἱίσετέ
274 791 305 812 se
327 792 366 814 ex
385 783 492 823 sylvis,
520 782 598 813 inde
614 783 828 824 eruptionem

169 823 282 856 facere
298 824 330 856 G
348 835 380 863 v,
397 828 448 856 15.
494 825 602 863 ejicere
616 835 648 856 se
660 836 700 856 ex
719 826 830 867 oppido

169 867 202 898 G
221 877 252 904 v,
268 870 320 898 21.
337 872 373 898 et
388 878 428 898 esc
442 868 555 898 castris
571 868 603 899 G
619 868 665 908 iv,
679 871 730 899 15.
748 868 828 899 inde

170 908 347 950 aufugere,
372 914 410 941 ut
436 911 509 941 Liv.
537 910 560 948 i,
585 913 639 942 40.
675 910 769 947 saras
796 919 829 941 se

170 951 293 990 ejicere.
330 952 440 992 ejicere
455 963 564 983 navem
579 953 612 983 in
628 955 756 993 terram,
770 962 828 993 ap-

171 995 299 1034 pellere
316 995 343 1026 C
361 995 407 1034 iii,
421 998 475 1034 25,
491 998 544 1026 28.
589 994 714 1033 ejicitur
740 995 829 1025 navis

169 1037 203 1067 in
224 1038 329 1068 littore
350 1037 399 1078 (in
421 1036 532 1079 littus)
554 1039 734 1077 tempestate
749 1037 781 1068 G
796 1046 829 1077 v,

170 1082 222 1110 10.
240 1078 286 1110 cf.
303 1080 428 1110 elidere.

129 1121 268 1161 Elidere,
283 1131 375 1152 naves
387 1124 570 1161 tempestate
584 1121 755 1161 eliduntur,
784 1121 828 1153 ad

168 1164 263 1195 littus
286 1169 323 1196 et
344 1165 502 1206 scopulos
523 1164 706 1196 alliduntur
730 1165 759 1196 C
780 1165 828 1204 iii,

130 1249 265 1280 Eladere
293 1249 439 1289 aliquem,
476 1250 550 1291 ejus
580 1253 703 1282 conata
732 1249 829 1282 irrita

172 1291 317 1322 reddere
335 1293 362 1323 C
378 1292 402 1331 i,
418 1295 471 1323 58.

130 1333 297 1372 Emigrare
312 1335 399 1364 domo
416 1335 448 1366 G
466 1335 488 1373 i,
503 1337 556 1366 31.

129 1376 286 1406 Emittere
295 1377 396 1416 pilum
411 1377 443 1408 G
461 1377 496 1416 ii,
517 1380 571 1409 23.

128 1419 369 1450 Emolimentum
385 1419 417 1449 G
434 1420 456 1458 i,
475 1422 528 1451 34.

129 1460 238 1499 Enim,
248 1461 420 1491 enimvero
436 1461 468 1492 G
484 1472 517 1500 v,
534 1464 565 1492 7.
591 1461 618 1493 C
635 1461 657 1500 i,
672 1464 727 1494 81.
750 1461 777 1494 C
794 1461 828 1502 ii,

171 1504 224 1534 32.
240 1502 349 1534 Gron.
366 1503 409 1534 ad
426 1504 501 1536 Liv.
517 1503 632 1543 xxxiv,
647 1507 700 1535 32.

130 1544 317 1584 Emmtz'are,
344 1545 436 1586 quod
451 1547 540 1577 clam
557 1545 668 1577 fuerat
683 1550 827 1587 gestum,

171 1587 283 1628 eloqui
301 1589 412 1628 palam
428 1587 460 1619 G
477 1588 500 1628 i,
513 1591 547 1627 4,
565 1591 618 1619 17.

128 1629 337 1671 Ephippiatus
350 1640 449 1672 eques,
468 1631 526 1672 qui
542 1630 706 1672 ephippio
719 1630 829 1663 utitur

174 1674 206 1705 G
222 1674 267 1712 iv,
283 1675 315 1704 2.

130 1715 268 1758 Epibata
290 1715 323 1746 A
347 1718 400 1746 11.
422 1714 478 1746 Af.
500 1717 555 1753 20,
577 1718 631 1746 62.
676 1716 739 1746 Est
757 1725 830 1746 ver-

172 1759 253 1790 bum
279 1767 428 1798 graecum
454 1759 471 1787 ὁ
493 1756 653 1797 ἐπιβάτης,
680 1757 770 1798 quod
787 1767 829 1788 ex

172 1801 381 1841 etymologia
395 1800 564 1841 significat
579 1810 669 1839 eum,
683 1800 739 1840 qui
754 1809 830 1830 con-

170 1842 304 1874 scendit
317 1853 437 1874 navem
453 1853 461 1881 ;
486 1842 545 1874 sed
562 1852 604 1873 ex
617 1852 679 1873 usu
693 1844 830 1883 loquen-

172 1885 207 1916 di
223 1886 422 1916 nominatim
442 1886 587 1916 militem
609 1885 829 1925 classiarium,

173 1928 231 1970 qui
258 1938 277 1959 e
304 1928 382 1958 navi
406 1932 549 1968 pugnat,
570 1927 762 1968 oppositum
778 1937 830 1958 ce-

172 1971 268 2010 teris,
285 1971 342 2011 qui
358 1971 392 2001 in
408 1980 493 2001 nave
513 1974 603 2001 sunt.
627 1969 696 2001 vid.
715 1970 831 2001 Duck-

172 2023 251 2044 erus
268 2013 310 2044 ad
324 2013 482 2053 Thucyd.
498 2013 544 2052 vi,
561 2015 615 2043 43.

132 2055 335 2095 Ergaslalum
349 2057 476 2095 solvere,
502 2055 612 2086 locum
628 2054 660 2085 in
677 2054 769 2095 villa,
796 2055 829 2086 in

174 2107 240 2138 quo
257 2097 376 2128 inclusi
403 2102 481 2129 sunt
507 2097 726 2138 gladiatores,
751 2107 830 2138 ape-

174 2139 254 2179 rire,
281 2148 338 2170 eos
361 2139 509 2171 educere
532 2140 575 2171 ad
595 2140 722 2171 bellum
739 2141 767 2172 C
782 2141 830 2182 iii,

134 2223 262 2255 Ericius
278 2224 305 2255 C
321 2223 368 2263 iii,
381 2226 436 2254 67.

134 2266 267 2306 Eripere
281 2264 462 2307 (liberare)
477 2275 566 2307 seme
580 2266 657 2298 —G
672 2266 695 2308 i,
709 2269 741 2299 4.
771 2267 831 2298 eri-

174 2318 247 2348 pere
262 2317 278 2339 e
292 2308 427 2348 periculo
443 2309 475 2340 G
490 2308 536 2347 iv,
553 2311 604 2340 12.

134 2349 307 2391 Erumpere
333 2360 365 2382 se
386 2351 498 2391 portis,
522 2351 736 2390 eruptionem
752 2350 831 2383 inde

176 2391 290 2424 facere
307 2393 334 2424 C
348 2393 384 2432 ii,
407 2395 459 2424 14.
490 2392 535 2424 cf.
553 2393 671 2432 ejicere,
692 2395 832 2426 incitare.

178 2436 351 2475 Ernmpere
374 2435 455 2467 iram
478 2436 512 2466 z'n.
535 2437 668 2476 aliquem
684 2437 711 2468 C
727 2437 776 2477 iii,
799 2440 831 2468 8.

175 2477 326 2509 Gronov.
343 2477 385 2508 ad
402 2479 476 2509 Liv.
491 2479 608 2517 xxxvi,
623 2481 656 2509 7.

138 2520 224 2560 Esse,
238 2523 386 2560 quantum
399 2520 433 2551 in
448 2521 567 2552 ratione
588 2524 635 2552 est
654 2521 687 2553 G
702 2521 775 2561 viii,
801 2524 832 2552 6.

177 2571 243 2593 esse
269 2562 380 2593 summi
409 2563 534 2603 laboris,
562 2563 712 2594 laborem
741 2562 833 2595 ferre

177 2613 275 2645 posse
292 2605 325 2636 G
340 2606 384 2643 iv,
399 2607 430 2638 2.

136 2646 288 2678 Esseaum
311 2646 344 2678 G
368 2647 415 2687 iv,
441 2650 494 2679 33.
517 2657 550 2687 v,
575 2650 607 2679 9.
661 2647 834 2678 essedarius

179 2689 213 2720 G
237 2689 284 2727 iv,
309 2692 363 2721 24.
409 2690 582 2722 Quantum
598 2699 617 2722 e
632 2690 740 2731 primo
757 2690 832 2722 loco

173 2730 331 2771 judicare
347 2731 440 2771 licet,
464 2743 582 2764 currus
597 2733 739 2764 bellicus
755 2731 833 2772 fuit,

180 2773 238 2813 qui
265 2774 347 2805 nihil
373 2775 437 2806 nisi
459 2775 540 2806 rotis
563 2775 755 2816 impositam
771 2775 833 2806 sel-

180 2815 246 2846 lam
261 2815 395 2859 (δίφρον)
410 2818 540 2857 habuit,
556 2817 589 2849 in
606 2827 671 2860 qua
686 2818 780 2850 miles
798 2821 832 2849 et

920 317 1036 358 auriga
1062 316 1231 348 sederent.
1277 315 1431 348 Fortasse
1457 319 1576 351 similia

922 359 1057 391 fuerunt
1073 360 1159 401 bigis
1185 364 1221 390 et
1247 358 1417 400 quadrigis
1443 361 1576 393 Circen-

921 402 1021 433 sibus.

880 445 925 475 Et
940 445 1026 483 item,
1041 449 1144 485 atque
1161 444 1263 475 etiam
1281 443 1312 475 G
1330 443 1352 484 i,
1367 445 1421 475 29.
1445 443 1491 485 iii,
1507 448 1539 475 5.

883 487 998 517 Etesioe
1015 487 1041 517 C
1059 487 1104 526 iii,
1121 489 1193 518 107.

880 529 988 559 Etiam
1005 533 1084 559 aute
1102 528 1363 569 comparativos,
1380 533 1419 559 ut
1434 529 1526 560 etiam
1543 529 1582 559 li-

922 571 1054 610 bentius,
1076 571 1171 602 etiam
1184 571 1314 610 gravius
1331 571 1363 602 G
1380 571 1403 610 i,
1429 574 1480 602 16.
1512 571 1540 603 C
1555 572 1580 611 i,

922 616 973 645 53.
998 613 1029 644 Α
1056 617 1107 644 71.
1155 613 1355 653 Respondet
1383 623 1496 654 graeco
1523 613 1581 646 ἔτι.

921 656 1035 696 Vulgo
1064 657 1164 687 adhuc
1187 656 1332 686 libentius
1359 656 1490 697 dicunt,
1520 655 1582 688 sed

920 698 983 729 hoc
1001 699 1093 729 nullo
1111 697 1209 729 modo
1226 697 1306 729 ferri
1325 702 1452 738 potest.

881 740 1019 772 Eventus
1039 742 1163 772 nat-ium
1179 741 1210 772 G
1227 741 1272 778 iv,
1289 743 1342 771 31.
1378 741 1582 778 fortunarum

923 783 950 814 C
967 783 1001 822 ii,
1017 788 1048 815 5.

880 825 1017 857 Eriaens
1027 828 1173 867 qnoestus,
1187 825 1337 866 insignis,
1351 834 1449 865 quem
1466 824 1581 857 facere

920 877 1033 909 operae
1051 867 1196 908 pretium
1213 871 1266 899 est
1285 867 1317 899 A
1341 870 1395 899 49.
1441 868 1580 909 Oppon.

919 910 1074 941 sordidus.

879 951 1023 992 Evocati,
1049 952 1106 993 qui
1121 952 1155 982 in
1170 960 1206 983 re
1222 951 1360 984 militari
1384 952 1451 982 κατ’
1469 951 1582 992 ἐξοχὴν

920 994 1093 1035 dicuntur,
1107 998 1197 1032 sunt,
1213 995 1270 1035 qui
1285 995 1388 1034 justis
1403 995 1582 1036 stipendiis

920 1035 1020 1068 factis
1049 1037 1192 1068 honeste
1222 1037 1313 1067 missi
1343 1036 1493 1076 fuerant,
1520 1038 1581 1068 sed

921 1079 1032 1111 denuo
1058 1080 1168 1120 rogati
1197 1079 1399 1120 invitatique
1424 1084 1515 1118 sunt,
1542 1085 1582 1111 ut

920 1132 1034 1153 rursus
1059 1122 1215 1153 militiam
1242 1120 1383 1153 faciant.
1428 1123 1484 1153 Sic
1512 1122 1584 1154 Dio

921 1165 1013 1196 Cass.
1029 1173 1114 1204 va,
1130 1167 1182 1195 12.
1212 1163 1389 1195 describit.
1406 1163 1438 1195 G
1456 1165 1515 1205 vii,
1528 1167 1583 1196 65.

920 1208 948 1239 C
965 1207 987 1247 i,
1005 1210 1037 1246 3,
1060 1209 1112 1237 17.
1158 1206 1215 1237 ubi
1246 1207 1321 1246 pari
1347 1211 1427 1238 sunt
1450 1207 1582 1238 honore

920 1258 998 1280 cum
1013 1247 1280 1281 centurionibus,
1333 1249 1361 1280 C
1389 1249 1413 1288 i,
1440 1252 1494 1280 27.
1524 1249 1584 1281 ubi

920 1292 1058 1323 Vossius
1080 1301 1138 1323 eos
1159 1300 1180 1321 a
1201 1290 1455 1323 centurionibus
1471 1292 1584 1323 diver·

921 1343 975 1365 sos
992 1333 1096 1365 fuisse
1112 1333 1223 1365 docet.
1260 1334 1288 1365 C
1303 1334 1326 1373 i,
1342 1336 1393 1364 85.
1409 1334 1466 1365 ubi
1479 1338 1585 1366 aetate

921 1376 1071 1408 confecti
1087 1376 1253 1417 bellisque
1264 1376 1497 1416 superioribus
1507 1387 1585 1418 pro—

921 1418 993 1451 bati
1015 1422 1217 1451 evocantur.
1245 1418 1273 1450 C
1295 1418 1345 1459 iii,
1369 1421 1424 1460 88,
1446 1422 1500 1451 91.
1524 1419 1584 1452 Af.

878 1504 944 1544 Ex,
968 1514 1054 1535 soror
1078 1514 1118 1535 ex
1143 1507 1245 1535 matre
1259 1503 1332 1542 Gi,
1356 1505 1409 1534 18.
1453 1503 1521 1535 dies
1542 1514 1584 1536 ex

919 1547 982 1585 die,
991 1547 1075 1577 alius
1088 1550 1167 1587 post
1180 1546 1282 1577 alium
1297 1545 1330 1577 G
1346 1546 1370 1583 i,
1387 1548 1438 1577 16.
1462 1556 1503 1577 ex
1514 1547 1584 1578 vin·

919 1589 998 1620 culis
1011 1598 1134 1620 causam
1148 1588 1261 1628 dicere,
1284 1588 1434 1620 vinctum
1451 1590 1585 1621 catenis

920 1632 953 1662 G
966 1631 989 1670 i,
1003 1635 1035 1663 4.
1058 1641 1098 1662 ex
1109 1641 1182 1671 equo
1195 1631 1323 1671 colloqui
1334 1631 1367 1662 G
1380 1630 1403 1670 i,
1415 1634 1468 1663 43.
1485 1642 1525 1662 ex
1537 1632 1586 1663 in-

920 1673 1013 1705 sidiis
1031 1683 1156 1714 ponere,
1171 1673 1352 1704 insidiandi
1367 1683 1469 1705 causa
1486 1674 1518 1706 G
1534 1674 1585 1715 iii,

922 1719 976 1747 20.
992 1726 1032 1746 ex
1042 1716 1162 1756 praelio,
1175 1720 1253 1756 post
1264 1716 1419 1756 praelium
1429 1716 1463 1747 H
1476 1720 1529 1748 34.
1543 1727 1584 1748 ex

923 1759 1082 1796 Proetura,
1110 1762 1188 1798 post
1213 1758 1407 1789 Praeturam
1432 1759 1459 1789 C
1482 1759 1506 1798 i,
1529 1762 1585 1800 22,

922 1803 976 1839 31,
993 1804 1046 1831 85.
1091 1810 1131 1831 ex
1144 1800 1284 1840 rupibus,
1309 1800 1350 1831 iis
1370 1801 1540 1841 superatis
1554 1803 1584 1834 C

923 1843 947 1883 i,
971 1845 1024 1874 70.
1069 1852 1108 1873 ex
1122 1853 1180 1873 usu
1195 1846 1252 1880 est,
1276 1842 1358 1873 utile
1375 1847 1429 1874 est
1443 1843 1475 1874 G
1490 1844 1513 1884 i,
1527 1847 1583 1875 50.

921 1896 962 1917 ex
976 1895 1032 1916 usu
1045 1885 1174 1924 alicujus
1186 1885 1312 1924 accidit,
1322 1885 1454 1916 utiliter
1465 1886 1495 1916 ei
1513 1886 1546 1917 G
1562 1887 1585 1928 i,

922 1931 975 1959 30.
1019 1928 1194 1967 Aquitania
1219 1928 1399 1958 ‹estimanda
1421 1938 1460 1958 ex
1486 1929 1585 1960 tertia

917 1973 1010 2010 parte
1034 1970 1160 2008 Gallice,
1183 1969 1340 2000 habenda
1356 1978 1418 2009 pro
1446 1974 1472 2000 t.
1497 1980 1531 2011 p.
1549 1971 1583 2003 G

922 2013 972 2051 iii,
987 2015 1041 2043 20.
1083 2014 1260 2052 praeruptus
1280 2021 1320 2042 ex
1340 2022 1465 2043 ascensu
1491 2015 1585 2054 locus,

922 2054 981 2095 ibi,
990 2054 1049 2085 ubi
1060 2054 1258 2085 ascenditur
1271 2054 1304 2085 G
1315 2054 1373 2092 vii,
1386 2057 1438 2085 86.
1475 2065 1516 2086 ex
1528 2056 1583 2087 iti-

922 2107 994 2129 nere
1015 2097 1160 2136 aggredi,
1182 2097 1271 2128 inter
1292 2096 1452 2137 eundum,
1474 2098 1509 2128 in
1531 2098 1586 2130 iti-

923 2148 1005 2171 nere
1022 2140 1054 2171 G
1070 2140 1092 2179 i,
1108 2142 1160 2171 25.
1204 2150 1243 2171 ex
1257 2140 1330 2170 itin.
1347 2149 1534 2180 oppugnare,
1548 2141 1585 2172 in

923 2182 1083 2221 transitu,
1092 2182 1142 2213 ita
1153 2186 1192 2213 ut
1205 2192 1272 2213 non
1280 2182 1337 2213 diu
1348 2182 1505 2222 moreris,
1514 2193 1583 2215 non

923 2225 1069 2256 multum
1086 2226 1249 2265 temporis
1264 2224 1441 2265 impendas
1457 2226 1490 2257 G
1503 2226 1539 2264 ii,
1552 2229 1584 2266 6,

924 2269 978 2298 12.
1013 2267 1077 2297 Est
1093 2267 1254 2299 Graecum
1271 2267 1302 2306 ἐξ
1327 2266 1446 2306 ἐφόδου.
1475 2277 1515 2298 ex
1529 2268 1586 2299 iti-

922 2319 995 2341 nere
1009 2310 1137 2349 reverti,
1153 2310 1188 2340 in
1203 2310 1317 2341 medio
1332 2310 1469 2350 itinere,
1490 2315 1585 2342 ante-

924 2361 1025 2393 quam
1048 2352 1182 2383 veneris
1206 2362 1258 2393 eo,
1281 2362 1347 2394 quo
1369 2353 1523 2384 volueras
1550 2352 1583 2384 G

923 2394 961 2433 ii,
977 2397 1030 2425 29.

883 2437 1009 2468 Exacta
1023 2439 1126 2475 oestas,
1141 2435 1239 2468 finita
1255 2436 1288 2468 G
1303 2436 1349 2476 iii,
1363 2440 1418 2468 28.

882 2479 1091 2519 Exaggerare
1112 2482 1243 2510 mortem
1269 2480 1375 2519 morti,
1400 2477 1529 2510 caedem
1551 2487 1584 2509 a·

924 2522 1001 2553 liam
1018 2531 1120 2563 super
1134 2523 1236 2552 aliam
1251 2521 1377 2560 facere,
1400 2525 1436 2551 et
1458 2521 1507 2551 ita
1526 2530 1583 2552 au-

924 2573 1005 2605 gere
1020 2564 1131 2595 caedes
1146 2568 1182 2595 et
1197 2564 1365 2595 cadavera
1382 2563 1416 2593 H
1432 2566 1464 2593 5.

883 2605 1073 2645 Exagitare‚
1103 2615 1122 2636 e
1144 2606 1219 2637 loco
1241 2606 1307 2636 alio
1333 2606 1366 2635 in
1388 2604 1491 2636 alium
1513 2605 1583 2646 pel-

925 2648 1009 2687 lere,
1027 2653 1086 2679 aut
1100 2648 1234 2679 omnino
1249 2647 1424 2689 vexareG
1440 2647 1486 2687 iv,
1507 2650 1538 2679 1.

883 2690 1093 2721 Exanimatus
1118 2699 1221 2729 cursu,
1258 2690 1315 2731 qui
1345 2699 1478 2722 omnem
1498 2688 1582 2722 ¹fere

924 2733 1082 2774 spiritum
1099 2731 1220 2764 effudit
1236 2732 1268 2764 G
1284 2733 1321 2772 ii,
1336 2735 1390 2764 23.
1406 2732 1454 2771 iii,
1468 2735 1520 2764 19.

882 2776 1057 2813 Exaudite,
1077 2784 1193 2807 sonum
1207 2775 1325 2817 procul
1341 2774 1459 2806 audire
1475 2775 1506 2806 G
1525 2773 1581 2814 vii,

922 2821 974 2851 61.
992 2818 1019 2850 C
1035 2817 1084 2858 iii,
1102 2820 1154 2850 87.
