1872 3104
598 199 772 230 RERUM

225 295 312 326 inlem
343 299 378 325 et
409 293 450 324 P.
477 291 594 322 Sittius
621 290 750 321 Cirtam
779 289 877 321 Jubae

226 338 314 377 regis
329 335 489 376 oppidum
506 331 670 363 invadunt
687 332 743 363 Af.
760 335 812 362 25.

187 381 265 410 Boin
282 380 314 410 G
330 379 384 414 vii,
402 380 451 407 1⁴.

185 422 258 452 b'oii
280 422 311 452 G
336 421 356 459 i,
379 423 409 449 5.
435 417 672 449 Helvetiorum
698 416 878 447 auxiliares

224 464 255 494 G
273 463 294 499 i,
310 465 361 492 25.
380 460 493 490 lErluis
512 459 664 490 attnibuti
683 460 714 489 G
732 459 754 495 i,
771 462 823 490 28.

185 505 327 535 Boiorum
343 503 504 542 oppidum
523 501 695 542 Gergovia
711 502 743 532 G
761 502 817 539 vii,
834 504 868 531 9.

182 548 256 577 bona
266 547 366 578 anae
379 546 468 585 regis
484 544 545 575 sul)
559 545 655 574 hasta
668 543 805 574 vendita
820 542 877 574 As.

178 631 229 660 bos
243 629 335 660 cervi
352 628 458 669 figura
475 629 505 660 G
524 630 568 667 vi,
584 631 636 659 26.

176 672 309 711 Bospori
331 682 390 702 rex
414 671 632 702 constituitur
659 670 877 701 Mithridates

220 714 450 753 Pergamenus
468 713 499 744 A
514 716 568 744 78.

175 756 334 787 brachium
350 757 391 786 ad
410 755 533 786 flumen
548 756 678 786 Salsum
693 754 877 796 Pompeius

220 797 304 830 facit
322 799 354 829 H
374 801 424 829 14.

179 841 352 872 Brannorii
369 842 398 871 G
418 840 479 876 vii,
496 843 549 871 75.

179 884 437 923 Bratuspantium
449 883 708 915 Bellovacorum
717 882 878 922 oppidum

221 926 374 965 (iii,13.

180 968 355 999 Britannice
371 967 554 1006 descriptio
571 967 603 998 G
621 977 653 1005 v,
669 969 721 1003 12,
741 969 793 1003 13,
813 968 877 996 &c.

220 1015 255 1041 et
283 1011 521 1041 Britannorum
555 1019 607 1040 res
636 1010 668 1040 G
695 1010 742 1047 iv,
766 1012 819 1046 21,
843 1014 879 1038 et

222 1062 316 1094 seqq.
334 1062 367 1090 v,
384 1056 416 1089 8,
433 1057 468 1082 et
483 1061 578 1091 seqq.

181 1095 380 1125 Britanniam
406 1094 594 1134 disciplinae
625 1102 708 1133 ergo
740 1092 878 1122 adibant

219 1138 312 1168 Galli
331 1137 362 1168 G
378 1137 424 1174 vi,
442 1139 492 1167 13.

179 1179 385 1210 Brundisium
395 1178 555 1219 oppidum
570 1178 729 1218 circaque
742 1186 793 1207 res
808 1186 878 1217 ges-

221 1227 263 1253 tae
282 1223 309 1253 C
325 1222 347 1260 i,
360 1224 416 1260 24,
432 1226 463 1251 et
481 1230 578 1261 seqq.
595 1221 642 1257 iii,
656 1224 690 1257 2,
704 1223 758 1251 24.

178 1265 302 1295 Brutus
317 1264 527 1301 adolescens,
544 1263 756 1293 Caesariauus
773 1262 803 1293 G
821 1261 880 1298 vii,

219 1309 252 1338 9.
280 1307 354 1346 ejus
371 1306 486 1337 classis
503 1305 663 1336 adversus
690 1304 879 1334 Massiiien-

221 1357 274 1379 ses
290 1349 328 1380 C.
346 1349 380 1386 ii,
396 1351 427 1386 3,
442 1351 474 1387 5,
489 1350 522 1386 6,
537 1350 591 1378 22.

176 1391 281 1421 Bullis
297 1396 332 1422 et
350 1390 509 1421 Amantia
524 1389 651 1430 oppida
665 1389 702 1420 C.
722 1388 767 1428 iii,
782 1392 835 1419 40.

178 1433 375 1464 Bullidenses
404 1432 530 1463 Caesari
557 1442 593 1462 se
620 1432 750 1462 dedunt
775 1433 802 1463 C
831 1431 879 1471 iii,

180 1517 417 1548 Bursaloveuses
435 1516 549 1557 populi
566 1516 600 1546 H
617 1519 670 1547 22.

180 1560 370 1591 Buthrotum
385 1559 548 1600 oppidum
565 1559 604 1590 C.
621 1559 670 1598 iii,
689 1560 739 1589 16.

515 1685 543 1716 C

183 1769 376 1801 Cabillonum
392 1769 554 1810 oppidum
570 1769 602 1801 G
619 1769 677 1808 vii,
691 1771 746 1809 42,
762 1772 815 1801 96.

181 1812 320 1843 (laboras
336 1812 503 1847 Allobrox
521 1812 552 1843 G
569 1813 628 1849 vii,
642 1815 698 1842 65.

179 1855 326 1885 cadavera
342 1855 488 1887 hostium
506 1864 566 1894 pro
582 1854 713 1894 cespite
731 1854 764 1884 H
782 1857 835 1884 32.

182 1897 311 1927 Cadetes
328 1897 443 1938 populi
460 1897 491 1928 G
507 1897 565 1935 vii,
580 1900 632 1928 75.

180 1939 334 2012 Ca’cst'liuls1
355 1940 463 1980 Niger
492 1939 675 1980 Barbarus,
702 1938 882 1979 Pompeia-

221 1991 283 2012 nus
355 1984 408 2012 35.

182 2024 316 2054 Coecinae
332 2023 445 2054 Caesar
460 2024 607 2064 ignoscit
624 2022 682 2055 Af.
699 2026 751 2054 89.

182 2065 309 2096 Caeraest'.
324 2065 486 2097 Germani
502 2067 533 2097 G
550 2066 585 2105 ii,
599 2069 631 2096 4.

183 2108 291 2137 Coesar
318 2107 468 2139 Antonio
495 2109 591 2139 adest
624 2109 658 2139 iu
693 2110 879 2149 auguratus

225 2149 390 2189 petitione
407 2150 438 2181 G
454 2151 523 2189 viii.
541 2154 593 2181 50.

183 2192 289 2221 Coesar·
311 2201 387 2222 cum
413 2191 557 2222 Afranio
569 2192 712 2223 dimicat
736 2193 763 2223 C
789 2191 813 2230 ἰ,
838 2194 879 2222 41

225 2239 262 2264 et
286 2237 339 2265 42.
384 2244 460 2265 eum
488 2234 529 2264 ad
557 2234 765 2265 deditionem
792 2243 882 2265 com-

223 2276 352 2315 pellere
370 2277 441 2307 vult
459 2276 486 2308 C
502 2277 524 2316 i,
535 2280 592 2308 81.

184 2319 291 2348 Coesar
313 2318 478 2359 Dejotaro
509 2319 657 2358 ignoscit
679 2317 711 2349 A
735 2320 787 2349 68.
822 2318 881 2349 de-

227 2370 369 2400 precans
386 2371 405 2391 a
421 2361 488 2393 suis
503 2362 667 2392 militibus
689 2370 756 2391 non
783 2370 883 2391 exau-

226 2402 320 2433 ditur
336 2402 392 2434 Af.
410 2406 462 2434 85.

183 2446 293 2475 Coesnr
308 2445 457 2477 dictator
474 2456 493 2476 a
506 2445 638 2486 Lepido
661 2444 773 2477 dictus
797 2445 825 2476 C
848 2445 883 2483 ii,

226 2490 280 2560 {Il-ll·
318 2487 406 2518 idem
445 2488 594 2519 dictator
622 2488 655 2518 iv
685 2487 882 2528 designatus

184 2572 293 2602 Coesar
309 2572 540 2604 diffidentibus
554 2573 621 2603 suis
636 2571 803 2603 accedens
815 2571 883 2602 ani-

226 2624 317 2645 mum
335 2616 488 2646 restituit
511 2616 541 2646 G
567 2615 600 2653 ii,
623 2617 676 2645 25.
703 2614 885 2644 laboranti-

227 2657 289 2688 bus
305 2657 460 2688 subvenit
478 2658 508 2687 G
526 2659 569 2694 iv,
591 2659 642 2688 37.

187 2699 295 2730 (ῗιτεαν
310 2705 346 2731 et
362 2700 545 2740 Pompeius
564 2700 677 2730 vicina
693 2702 806 2729 castra
828 2707 885 2738 po-

230 2747 313 2773 nunt
329 2742 368 2774 C.
386 2743 434 2779 iii,
450 2745 503 2781 13,
518 2745 571 2773 30.

188 2784 294 2814 fissan·
319 2784 352 2815 iu
381 2785 528 2816 Galliam
551 2782 727 2817 contendit
750 2783 781 2815 G
806 2783 829 2823 i,
852 2786 884 2823 7,

808 197 1219 227 MEMORABHAUM.
1603 199 1633 228 V

976 292 1026 319 10.
1065 290 1108 327 vi,
1126 292 1175 319 12.
1216 289 1248 318 in
1275 296 1367 317 marc
1392 296 1426 316 se
1450 287 1567 326 abjicit
1598 293 1633 319 et

974 331 1085 362 nando
1111 331 1226 361 evadit
1257 329 1285 360 Α
1315 333 1367 360 21.
1398 330 1527 368 legatos
1555 339 1631 360 suos

976 374 1118 404 violatos
1135 373 1309 403 ulciscitur
1324 373 1357 402 G
1376 371 1422 409 iii,
1441 374 1487 401 16.
1512 380 1630 401 novem

973 417 1066 447 annis
1092 416 1210 446 iisdem
1235 414 1307 445 fere
1332 413 1494 444 militibus
1511 422 1587 442 usus
1604 414 1631 443 C

974 459 996 497 i,
1013 462 1045 489 7.

933 501 1040 530 Casan·
1057 500 1219 540 Pompeio
1235 498 1411 530 conciliari
1435 497 1537 528 vellet
1558 496 1584 527 C
1609 496 1632 532 i,

974 543 1375 579 2o.in‚10,1o,17‚57.

933 585 1040 615 Coesm·
1072 586 1268 625 Pompeium
1301 591 1497 623 oppugnare
1523 580 1633 611 -semel

973 628 1140 658 deliberat
1168 628 1195 657 (ἰ
1227 627 1248 665 i,
1274 629 1326 657 26.
1365 624 1562 664 Pompeium
1590 622 1633 652 ad

974 680 1119 709 pugnam
1151 671 1276 699 elicere
1309 668 1405 708 cupit
1436 669 1463 697 C
1497 666 1545 703 iii,
1580 669 1633 696 85.

974 713 1174 752 Pompeium
1200 718 1291 742 terra
1313 715 1419 747 arcet,
1454 707 1633 748 l'ompeins

971 755 1142 785 Caesarem
1160 755 1240 784 inari
1259 763 1299 784 ex
1318 751 1481 792 portubu=
1499 751 1525 781 C
1543 752 1563 787 i,
1579 753 1630 781 15.

932 797 1039 827 caesar
1059 797 1209 828 Rhenum
1229 795 1360 835 trajicit
1377 794 1407 825 G
1427 795 1470 829 iv,
1496 795 1544 823 17.

931 840 1038 870 Caesur
1053 839 1234 880 quotannis
1251 839 1281 867 in
1303 836 1434 867 ltaliam
1452 835 1535 865 ibat.
1553 835 1585 866 G
1600 844 1631 871 v,

974 885 1002 912 l.
1033 882 1100 911 suis
1132 880 1292 911 adversus
1323 879 1522 918 elephantos
1551 886 1632 917 pug-

972 923 1072 954 nandi
1106 923 1272 953 rationem
1305 925 1547 951 vonumonstrat
1575 918 1631 949 Af.

971 968 1024 996 72.
1041 965 1252 1005 supplicibus
1278 963 1496 994 libentissinw
1521 963 1632 1002 ignos-

968 1008 1019 1038 cit
1037 1007 1079 1038 A.
1095 1011 1146 1038 70.
1180 1017 1245 1037 una
1269 1010 1388 1037 aestatc
1406 1005 1471 1034 duo
1488 1003 1634 1034 maxima

973 1051 1062 1081 bella
1078 1049 1216 1081 conficit
1232 1050 1263 1079 G
1281 1049 1303 1088 i,
1318 1051 1370 1079 54.
1403 1048 1458 1077 nni
1484 1046 1630 1076 militum

973 1098 1106 1123 scutum
1135 1092 1288 1122 detrahit
1315 1095 1351 1121 et
1374 1091 1407 1120 in
1429 1099 1574 1129 primam
1599 1097 1632 1117 a-

971 1135 1057 1165 ciem
1076 1135 1231 1175 provolat
1247 1134 1278 1164 G
1296 1133 1328 1171 ii,
1344 1136 1396 1163 25.

932 1177 1038 1208 Caesm·
1050 1182 1170 1207 contra
1186 1175 1372 1206 Arinaticos
1387 1176 1417 1205 G
1430 1174 1528 1211 ii,29.
1556 1181 1633 1202 con-

974 1225 1026 1250 tra
1053 1219 1302 1250 Alexandrinos
1325 1218 1352 1248 C
1382 1217 1429 1255 iii,
1454 1219 1526 1246 111.
1550 1214 1581 1244 A
1604 1218 1633 1245 1.

972 1266 1092 1292 contra
1121 1261 1305 1292 Ambianos
1335 1261 1366 1289 G
1394 1259 1428 1293 ii.
1460 1261 1510 1288 15.
1557 1266 1633 1287 con-

974 1311 1026 1335 tra
1057 1304 1267 1335 Ariovistum
1309 1302 1341 1333 G
1373 1301 1394 1340 i,
1423 1303 1477 1331 33.
1515 1304 1635 1331 contra

973 1347 1099 1386 Belgas
1115 1347 1146 1377 G
1166 1347 1200 1384 ii,
1215 1349 1247 1384 2,
1263 1350 1297 1376 et
1311 1354 1405 1384 seqq.
1421 1347 1541 1374 contra
1559 1342 1635 1372 Bel-

974 1390 1109 1420 lovacos
1125 1389 1155 1420 G
1174 1389 1208 1426 ii,
1228 1391 1276 1418 13.
1303 1392 1424 1417 contra
1450 1385 1633 1415 Britannos

974 1432 1005 1461 G
1022 1432 1066 1469 iv,
1083 1434 1135 1462 20.
1155 1441 1186 1467 v,
1203 1434 1233 1461 S.
1261 1435 1380 1460 contra
1396 1428 1512 1458 Gallos
1529 1427 1561 1457 G
1576 1426 1634 1465 vii.

973 1477 1024 1504 88.
1049 1479 1167 1504 contra
1191 1474 1379 1504 Germanos
1401 1470 1432 1499 G
1457 1470 1501 1499 iv.
1525 1471 1558 1506 6,
1583 1471 1635 1505 14,

975 1519 1026 1546 15.
1062 1521 1183 1546 contra
1201 1515 1325 1545 AEdnos
1342 1513 1373 1543 G
1391 1512 1448 1550 vii,
1464 1514 1517 1541 40.
1555 1519 1633 1540 con—

974 1562 1029 1588 tra
1042 1558 1228 1588 Labienum
1243 1556 1299 1588 Af.
1318 1558 1367 1586 14.
1381 1559 1496 1593 etseq.
1511 1557 1634 1584 contra

974 1601 1205 1632 Massilienses
1223 1600 1250 1631 C
1276 1599 1299 1637 i,
1321 1601 1360 1630 35
1407 1602 1526 1627 contra
1549 1595 1635 1626 Ner-

974 1644 1046 1673 wios
1063 1644 1092 1673 G
1111 1643 1147 1681 ii,
1172 1644 1221 1673 17.
1245 1652 1279 1681 v,
1300 1643 1354 1671 46.
1387 1644 1508 1670 contra
1529 1637 1635 1667 Phar-

975 1694 1094 1716 nacem
1112 1685 1143 1717 A
1159 1688 1212 1720 71,
1236 1689 1272 1715 et
1295 1692 1390 1722 seqq.
1427 1686 1547 1711 contra
1566 1680 1636 1710 Sci-

975 1727 1111 1766 pionem
1128 1726 1187 1757 Af.
1204 1727 1227 1765 i,
1252 1728 1305 1764 34,
1331 1730 1367 1755 et
1386 1733 1484 1763 seqq.
1511 1726 1634 1753 contra

974 1769 1124 1800 Sotiates
1155 1768 1187 1800 G
1220 1768 1266 1798 iii.
1301 1770 1354 1798 20.
1393 1771 1513 1796 contra
1540 1766 1636 1794 Sues-

975 1811 1086 1842 siones
1115 1811 1147 1841 G
1175 1811 1211 1849 ii,
1240 1812 1291 1841 12.
1337 1814 1457 1839 contra
1481 1807 1635 1837 Venetos

975 1854 1006 1883 G
1022 1854 1069 1890 iii,
1092 1856 1124 1884 9.
1169 1857 1291 1884 contra
1314 1849 1635 1890 Vercingetorigem

975 1895 1007 1926 G
1024 1897 1083 1934 vii,
1097 1899 1129 1927 7.

933 1939 1069 1968 Caesaris
1084 1947 1189 1978 opera
1204 1937 1296 1968 varia
1313 1936 1345 1967 G
1363 1936 1385 1973 i,
1402 1938 1452 1965 13.
1479 1934 1524 1973 iv,
1540 1936 1591 1965 17.

928 1981 1069 2012 .Caesaris
1085 1990 1189 2021 opera
1204 1989 1242 2010 ac
1261 1978 1465 2009 munitiones
1489 1977 1531 2006 ad
1555 1975 1634 2006 Ale-

975 2023 1056 2053 siam
1074 2023 1106 2054 G
1124 2023 1182 2061 vii,
1197 2025 1251 2060 69,
1267 2024 1321 2058 72,
1335 2022 1389 2057 73,
1409 2024 1442 2049 et
1461 2028 1532 2058 seq.
1550 2019 1636 2058 ejus-

975 2064 1052 2095 dem
1080 2075 1184 2105 opera
1208 2065 1249 2095 ad
1280 2061 1523 2094 Alexandriam
1547 2061 1578 2091 A
1606 2064 1636 2097 1,

975 2112 1011 2137 et
1028 2117 1123 2148 seqq.
1142 2107 1184 2138 ad
1201 2105 1417 2137 Brundisium
1436 2103 1463 2134 C
1479 2103 1500 2141 i,
1512 2106 1564 2134 25.
1591 2103 1632 2132 ad

975 2149 1125 2180 Ilerdam
1154 2150 1181 2180 C
1204 2150 1227 2185 i,
1250 2151 1302 2180 41.
1348 2147 1390 2176 ad
1407 2146 1590 2177 Massiliam
1608 2145 1634 2176 C

973 2192 1009 2230 ii,
1037 2195 1088 2230 15,
1116 2197 1150 2223 et
1165 2201 1258 2233 seqq.
1275 2190 1317 2221 ad
1340 2188 1590 2229 Dyrrhachium
1609 2189 1636 2219 C

976 2235 1023 2272 iii,
1039 2237 1092 2273 43,
1111 2237 1164 2265 44.

929 2277 1070 2309 Stes-aris
1096 2286 1203 2317 opera
1224 2275 1266 2306 ad
1288 2274 1437 2306 Phar‘um
1459 2273 1491 2304 A
1515 2275 1566 2304 19.
1592 2273 1634 2303 ad

976 2319 1108 2350 Uzitam
1127 2318 1184 2350 Af.
1201 2321 1255 2349 41.

936 2362 1073 2392 Caesarz's
1099 2371 1160 2402 pro
1184 2360 1309 2392 castris
1333 2367 1468 2400 semper
1491 2357 1567 2388 duae
1589 2358 1637 2387 le-

978 2404 1093 2443 giones
1110 2402 1327 2435 excubabant
1344 2402 1375 2433 G
1393 2401 1451 2438 vii,
1468 2402 1519 2430 24.

936 2446 1072 2477 Coesaris
1088 2451 1123 2477 et
1149 2445 1304 2485 Pompeii
1326 2443 1540 2474 dissidiorum
1562 2450 1638 2471 cau-

978 2498 1022 2519 sae
1039 2489 1066 2520 C
1083 2489 1104 2526 i,
1129 2492 1158 2519 1.
1185 2494 1217 2517 et
1243 2496 1335 2526 seqq.
1361 2494 1477 2515 eorum
1495 2483 1636 2514 novissi-

977 2540 1067 2561 mum
1084 2531 1173 2561 inter
1188 2539 1223 2560 se
1241 2528 1395 2568 praelium
1413 2527 1440 2557 C
1463 2526 1510 2564 iii,
1535 2528 1589 2565 39,
1602 2532 1637 2556 et

979 2582 1012 2602 se
1066 2595 1073 2602 .

939 2583 1073 2644 coesfr‘is
1098 2613 1141 2644 ad
1164 2613 1358 2653 Scipionem
1382 2610 1424 2641 de
1444 2620 1530 2651 pace
1545 2619 1637 2641 mau-

980 2656 1056 2686 data
1074 2655 1102 2687 C
1117 2655 1168 2693 iii,
1183 2658 1236 2686 57.

941 2698 1076 2729 Coesaris
1101 2698 1134 2728 in
1164 2697 1334 2738 Hispania
1349 2706 1400 2726 res
1424 2700 1528 2736 gestae
1553 2695 1579 2726 C
1603 2695 1636 2733 ii,

982 2744 1033 2779 19,
1048 2745 1084 2771 et
1099 2750 1194 2781 seqq.
1218 2740 1252 2770 iu
1276 2739 1417 2770 scientia
1439 2743 1475 2770 et
1496 2737 1636 2769 consilio

981 2783 1091 2815 omnia
1106 2782 1170 2814 sibi
1186 2782 1298 2823 posita
1319 2781 1442 2813 milites
1464 2780 1635 2812 existima-
