<?xml version="1.0" encoding="UTF-8"?>
<!DOCTYPE html PUBLIC "-//W3C//DTD XHTML 1.0 Transitional//EN"
    "http://www.w3.org/TR/xhtml1/DTD/xhtml1-transitional.dtd">
<html xmlns="http://www.w3.org/1999/xhtml" xml:lang="en" lang="en">
 <head>
  <title>
</title>
<meta http-equiv="Content-Type" content="text/html;charset=utf-8" />
  <meta name='ocr-system' content='tesseract 3.04.00' />
  <meta name='ocr-capabilities' content='ocr_page ocr_carea ocr_par ocr_line ocrx_word'/>
</head>
<body>
  <div class='ocr_page' id='page_1' title='image "./operaomniaexedit05caesuoft/operaomniaexedit05caesuoft_0158.png"; bbox 0 0 1872 3104; ppageno 0'>
   <div class='ocr_carea' id='block_1_1' title="bbox 237 197 1234 242">
    <p class='ocr_par' dir='ltr' id='par_1_1' title="bbox 237 197 1234 242">
     <span class='ocr_line' id='line_1_1' title="bbox 237 197 1234 242; baseline -0.007 0"><span class='ocrx_word' id='word_1_1' title='bbox 237 197 352 242; x_wconf 73' lang='lat'>2034</span> <span class='ocrx_word' id='word_1_2' title='bbox 696 205 903 238; x_wconf 68' lang='lat' dir='ltr'>No‘rl&#39;ru</span> <span class='ocrx_word' id='word_1_3' title='bbox 942 202 1234 236; x_wconf 75' lang='lat' dir='ltr'>Li&#39;rssaARiA.</span> 
     </span>
    </p>
   </div>
   <div class='ocr_carea' id='block_1_2' title="bbox 238 303 1713 2469">
    <p class='ocr_par' dir='ltr' id='par_1_2' title="bbox 238 303 1707 1564">
     <span class='ocr_line' id='line_1_2' title="bbox 238 303 1691 360; baseline -0.003 -13"><span class='ocrx_word' id='word_1_4' title='bbox 238 308 376 360; x_wconf 79' lang='lat' dir='ltr'>ltaque</span> <span class='ocrx_word' id='word_1_5' title='bbox 396 307 587 356; x_wconf 84' lang='grc' dir='ltr'><em>Καίσαρος</em></span> <span class='ocrx_word' id='word_1_6' title='bbox 620 306 764 355; x_wconf 73' lang='grc' dir='ltr'>ἑταῖρον</span> <span class='ocrx_word' id='word_1_7' title='bbox 798 305 1029 343; x_wconf 81' lang='lat' dir='ltr'>Plutarchus</span> <span class='ocrx_word' id='word_1_8' title='bbox 1049 304 1084 341; x_wconf 91' lang='lat' dir='ltr'>in</span> <span class='ocrx_word' id='word_1_9' title='bbox 1105 303 1307 354; x_wconf 86' lang='lat' dir='ltr'>Pompeio,</span> <span class='ocrx_word' id='word_1_10' title='bbox 1343 303 1511 341; x_wconf 85' lang='lat' dir='ltr'>amicum</span> <span class='ocrx_word' id='word_1_11' title='bbox 1532 303 1691 342; x_wconf 84' lang='lat' dir='ltr'>Caesaris</span> 
     </span>
     <span class='ocr_line' id='line_1_3' title="bbox 238 368 1693 419; baseline -0.004 -7"><span class='ocrx_word' id='word_1_12' title='bbox 238 379 353 412; x_wconf 83' lang='lat' dir='ltr'>vocat</span> <span class='ocrx_word' id='word_1_13' title='bbox 384 371 588 410; x_wconf 84' lang='lat' dir='ltr'>Suetonius</span> <span class='ocrx_word' id='word_1_14' title='bbox 611 382 641 407; x_wconf 89' lang='lat'>1.</span> <span class='ocrx_word' id='word_1_15' title='bbox 665 377 728 409; x_wconf 70' lang='lat'>5‘2.</span> <span class='ocrx_word' id='word_1_16' title='bbox 788 372 917 419; x_wconf 80' lang='lat' dir='ltr'>Atque</span> <span class='ocrx_word' id='word_1_17' title='bbox 940 371 1013 406; x_wconf 85' lang='lat' dir='ltr'>hoc</span> <span class='ocrx_word' id='word_1_18' title='bbox 1047 370 1173 419; x_wconf 86' lang='lat' dir='ltr'>ipsum</span> <span class='ocrx_word' id='word_1_19' title='bbox 1204 368 1424 412; x_wconf 88' lang='lat' dir='ltr'>ostendunt,</span> <span class='ocrx_word' id='word_1_20' title='bbox 1465 381 1551 418; x_wconf 83' lang='lat' dir='ltr'>quae</span> <span class='ocrx_word' id='word_1_21' title='bbox 1585 382 1693 406; x_wconf 88' lang='lat' dir='ltr'>corn-</span> 
     </span>
     <span class='ocr_line' id='line_1_4' title="bbox 239 433 1695 485; baseline -0.005 -8"><span class='ocrx_word' id='word_1_22' title='bbox 239 444 425 477; x_wconf 83' lang='lat' dir='ltr'>memorat</span> <span class='ocrx_word' id='word_1_23' title='bbox 458 435 632 485; x_wconf 81' lang='lat' dir='ltr'>ejusdem</span> <span class='ocrx_word' id='word_1_24' title='bbox 664 435 749 472; x_wconf 87' lang='lat' dir='ltr'>libri</span> <span class='ocrx_word' id='word_1_25' title='bbox 779 448 814 472; x_wconf 90' lang='lat' dir='ltr'>c.</span> <span class='ocrx_word' id='word_1_26' title='bbox 837 441 901 478; x_wconf 79' lang='lat'>7¹2.</span> <span class='ocrx_word' id='word_1_27' title='bbox 935 439 945 454; x_wconf 91' lang='lat'>‘</span> <span class='ocrx_word' id='word_1_28' title='bbox 964 434 1118 471; x_wconf 68' lang='lat' dir='ltr'>Amicos</span> <span class='ocrx_word' id='word_1_29' title='bbox 1141 439 1245 471; x_wconf 87' lang='lat' dir='ltr'>tanta</span> <span class='ocrx_word' id='word_1_30' title='bbox 1266 447 1415 483; x_wconf 79' lang='lat' dir='ltr'>semper</span> <span class='ocrx_word' id='word_1_31' title='bbox 1439 433 1623 470; x_wconf 84' lang='lat' dir='ltr'>facilitate</span> <span class='ocrx_word' id='word_1_32' title='bbox 1643 433 1695 470; x_wconf 90' lang='lat' dir='ltr'>in-</span> 
     </span>
     <span class='ocr_line' id='line_1_5' title="bbox 239 496 1694 551; baseline -0.005 -11"><span class='ocrx_word' id='word_1_33' title='bbox 239 500 514 551; x_wconf 84' lang='lat' dir='ltr'>dulgentiaque</span> <span class='ocrx_word' id='word_1_34' title='bbox 534 499 724 543; x_wconf 81' lang='lat' dir='ltr'>tractavit,</span> <span class='ocrx_word' id='word_1_35' title='bbox 757 506 796 536; x_wconf 89' lang='lat' dir='ltr'>ut</span> <span class='ocrx_word' id='word_1_36' title='bbox 819 500 864 536; x_wconf 88' lang='lat' dir='ltr'>C.</span> <span class='ocrx_word' id='word_1_37' title='bbox 887 499 1034 548; x_wconf 86' lang='lat' dir='ltr'>Oppio,</span> <span class='ocrx_word' id='word_1_38' title='bbox 1057 498 1256 535; x_wconf 81' lang='lat' dir='ltr'>comitanti</span> <span class='ocrx_word' id='word_1_39' title='bbox 1278 511 1314 535; x_wconf 90' lang='lat' dir='ltr'>se</span> <span class='ocrx_word' id='word_1_40' title='bbox 1336 511 1403 547; x_wconf 88' lang='lat' dir='ltr'>per</span> <span class='ocrx_word' id='word_1_41' title='bbox 1423 498 1592 534; x_wconf 80' lang='lat' dir='ltr'>silvestre</span> <span class='ocrx_word' id='word_1_42' title='bbox 1611 496 1694 540; x_wconf 81' lang='lat' dir='ltr'>iter,</span> 
     </span>
     <span class='ocr_line' id='line_1_6' title="bbox 239 561 1694 614; baseline -0.005 -10"><span class='ocrx_word' id='word_1_43' title='bbox 239 571 497 614; x_wconf 86' lang='lat' dir='ltr'>correptoque</span> <span class='ocrx_word' id='word_1_44' title='bbox 518 562 645 599; x_wconf 85' lang='lat' dir='ltr'>subita</span> <span class='ocrx_word' id='word_1_45' title='bbox 665 562 900 607; x_wconf 84' lang='lat' dir='ltr'>valetudine,</span> <span class='ocrx_word' id='word_1_46' title='bbox 936 570 972 599; x_wconf 88' lang='lat' dir='ltr'>et</span> <span class='ocrx_word' id='word_1_47' title='bbox 1006 562 1042 599; x_wconf 92' lang='lat' dir='ltr'>in</span> <span class='ocrx_word' id='word_1_48' title='bbox 1073 561 1295 606; x_wconf 84' lang='lat' dir='ltr'>diversorio,</span> <span class='ocrx_word' id='word_1_49' title='bbox 1331 561 1433 610; x_wconf 87' lang='lat' dir='ltr'>quod</span> <span class='ocrx_word' id='word_1_50' title='bbox 1457 574 1574 597; x_wconf 89' lang='lat' dir='ltr'>unum</span> <span class='ocrx_word' id='word_1_51' title='bbox 1602 566 1694 606; x_wconf 86' lang='lat' dir='ltr'>erat,</span> 
     </span>
     <span class='ocr_line' id='line_1_7' title="bbox 238 625 1696 675; baseline -0.003 -9"><span class='ocrx_word' id='word_1_52' title='bbox 238 629 326 666; x_wconf 88' lang='lat' dir='ltr'>loco</span> <span class='ocrx_word' id='word_1_53' title='bbox 346 627 512 669; x_wconf 83' lang='lat' dir='ltr'>cesserit,</span> <span class='ocrx_word' id='word_1_54' title='bbox 547 633 585 662; x_wconf 91' lang='lat' dir='ltr'>et</span> <span class='ocrx_word' id='word_1_55' title='bbox 606 626 686 675; x_wconf 88' lang='lat' dir='ltr'>ipse</span> <span class='ocrx_word' id='word_1_56' title='bbox 706 625 815 663; x_wconf 90' lang='lat' dir='ltr'>humi</span> <span class='ocrx_word' id='word_1_57' title='bbox 835 639 879 663; x_wconf 87' lang='lat' dir='ltr'>ac</span> <span class='ocrx_word' id='word_1_58' title='bbox 903 627 975 663; x_wconf 90' lang='lat' dir='ltr'>sub</span> <span class='ocrx_word' id='word_1_59' title='bbox 996 627 1062 663; x_wconf 87' lang='lat' dir='ltr'>dio</span> <span class='ocrx_word' id='word_1_60' title='bbox 1085 627 1289 663; x_wconf 86' lang='lat' dir='ltr'>cubuerit.’</span> <span class='ocrx_word' id='word_1_61' title='bbox 1347 626 1453 662; x_wconf 81' lang='lat' dir='ltr'>Alius</span> <span class='ocrx_word' id='word_1_62' title='bbox 1474 626 1522 661; x_wconf 84' lang='lat' dir='ltr'>ab</span> <span class='ocrx_word' id='word_1_63' title='bbox 1545 626 1617 661; x_wconf 90' lang='lat' dir='ltr'>hoc</span> <span class='ocrx_word' id='word_1_64' title='bbox 1638 629 1696 661; x_wconf 83' lang='lat' dir='ltr'>est</span> 
     </span>
     <span class='ocr_line' id='line_1_8' title="bbox 241 687 1694 742; baseline -0.003 -13"><span class='ocrx_word' id='word_1_65' title='bbox 241 692 394 742; x_wconf 90' lang='lat' dir='ltr'>Oppius</span> <span class='ocrx_word' id='word_1_66' title='bbox 433 691 592 733; x_wconf 78' lang='lat' dir='ltr'>Chares,</span> <span class='ocrx_word' id='word_1_67' title='bbox 628 694 638 708; x_wconf 95' lang='lat'><em>‘</em></span> <span class='ocrx_word' id='word_1_68' title='bbox 660 689 726 737; x_wconf 86' lang='lat' dir='ltr'>qui</span> <span class='ocrx_word' id='word_1_69' title='bbox 759 689 796 724; x_wconf 89' lang='lat' dir='ltr'>in</span> <span class='ocrx_word' id='word_1_70' title='bbox 828 690 957 726; x_wconf 84' lang='lat' dir='ltr'>Gallia</span> <span class='ocrx_word' id='word_1_71' title='bbox 989 690 1140 739; x_wconf 77' lang='lat' dir='ltr'>Togata</span> <span class='ocrx_word' id='word_1_72' title='bbox 1172 689 1448 738; x_wconf 80' lang='lat' dir='ltr'>grammaticen</span> <span class='ocrx_word' id='word_1_73' title='bbox 1481 689 1615 724; x_wconf 83' lang='lat' dir='ltr'>docuit</span> <span class='ocrx_word' id='word_1_74' title='bbox 1645 687 1694 724; x_wconf 89' lang='lat' dir='ltr'>ad</span> 
     </span>
     <span class='ocr_line' id='line_1_9' title="bbox 242 752 1697 804; baseline -0.003 -11"><span class='ocrx_word' id='word_1_75' title='bbox 242 756 417 794; x_wconf 85' lang='lat' dir='ltr'>ultimam</span> <span class='ocrx_word' id='word_1_76' title='bbox 438 767 560 804; x_wconf 89' lang='lat' dir='ltr'>usque</span> <span class='ocrx_word' id='word_1_77' title='bbox 580 758 749 797; x_wconf 82' lang='lat' dir='ltr'>aetatem,</span> <span class='ocrx_word' id='word_1_78' title='bbox 781 759 819 789; x_wconf 94' lang='lat' dir='ltr'>et</span> <span class='ocrx_word' id='word_1_79' title='bbox 840 766 926 790; x_wconf 89' lang='lat' dir='ltr'>cum</span> <span class='ocrx_word' id='word_1_80' title='bbox 942 753 1026 800; x_wconf 84' lang='lat' dir='ltr'>jam</span> <span class='ocrx_word' id='word_1_81' title='bbox 1056 767 1132 789; x_wconf 90' lang='lat' dir='ltr'>non</span> <span class='ocrx_word' id='word_1_82' title='bbox 1153 766 1283 801; x_wconf 74' lang='lat' dir='ltr'>gressu</span> <span class='ocrx_word' id='word_1_83' title='bbox 1319 753 1435 790; x_wconf 87' lang='lat' dir='ltr'>modo</span> <span class='ocrx_word' id='word_1_84' title='bbox 1455 752 1697 795; x_wconf 86' lang='lat' dir='ltr'>deticeretur,</span> 
     </span>
     <span class='ocr_line' id='line_1_10' title="bbox 243 814 1699 866; baseline -0.004 -8"><span class='ocrx_word' id='word_1_85' title='bbox 243 821 312 859; x_wconf 88' lang='lat' dir='ltr'>sed</span> <span class='ocrx_word' id='word_1_86' title='bbox 333 828 372 858; x_wconf 91' lang='lat' dir='ltr'>et</span> <span class='ocrx_word' id='word_1_87' title='bbox 391 819 472 856; x_wconf 85' lang='lat' dir='ltr'>visu</span> <span class='ocrx_word' id='word_1_88' title='bbox 491 821 513 862; x_wconf 87' lang='lat'>;&#39;</span> <span class='ocrx_word' id='word_1_89' title='bbox 542 824 582 855; x_wconf 86' lang='lat' dir='ltr'>ut</span> <span class='ocrx_word' id='word_1_90' title='bbox 613 823 668 855; x_wconf 91' lang='lat' dir='ltr'>est</span> <span class='ocrx_word' id='word_1_91' title='bbox 687 816 792 866; x_wconf 84' lang='lat' dir='ltr'>apud</span> <span class='ocrx_word' id='word_1_92' title='bbox 825 816 1096 866; x_wconf 84' lang='lat' dir='ltr'>Tranquillum</span> <span class='ocrx_word' id='word_1_93' title='bbox 1126 817 1172 853; x_wconf 89' lang='lat' dir='ltr'>de</span> <span class='ocrx_word' id='word_1_94' title='bbox 1194 817 1404 853; x_wconf 69' lang='lat' dir='ltr'>illustribus</span> <span class='ocrx_word' id='word_1_95' title='bbox 1425 814 1699 853; x_wconf 81' lang='lat' dir='ltr'>Grammaticis</span> 
     </span>
     <span class='ocr_line' id='line_1_11' title="bbox 244 879 1702 932; baseline -0.007 -8"><span class='ocrx_word' id='word_1_96' title='bbox 244 899 280 924; x_wconf 91' lang='lat' dir='ltr'>c.</span> <span class='ocrx_word' id='word_1_97' title='bbox 303 891 340 924; x_wconf 79' lang='lat'>3.</span> <span class='ocrx_word' id='word_1_98' title='bbox 397 884 473 921; x_wconf 89' lang='lat' dir='ltr'>Hic</span> <span class='ocrx_word' id='word_1_99' title='bbox 494 882 612 919; x_wconf 63' lang='lat' dir='ltr'>videri</span> <span class='ocrx_word' id='word_1_100' title='bbox 632 881 751 932; x_wconf 81' lang='lat' dir='ltr'>possit</span> <span class='ocrx_word' id='word_1_101' title='bbox 771 881 940 931; x_wconf 84' lang='lat' dir='ltr'>Oppius,</span> <span class='ocrx_word' id='word_1_102' title='bbox 958 895 978 918; x_wconf 92' lang='lat' dir='ltr'>e</span> <span class='ocrx_word' id='word_1_103' title='bbox 999 882 1110 930; x_wconf 83' lang='lat' dir='ltr'>cujus</span> <span class='ocrx_word' id='word_1_104' title='bbox 1130 881 1226 918; x_wconf 89' lang='lat' dir='ltr'>libro</span> <span class='ocrx_word' id='word_1_105' title='bbox 1246 880 1292 916; x_wconf 90' lang='lat' dir='ltr'>de</span> <span class='ocrx_word' id='word_1_106' title='bbox 1323 879 1571 929; x_wconf 66' lang='lat' dir='ltr'>sylvestribus</span> <span class='ocrx_word' id='word_1_107' title='bbox 1592 879 1702 915; x_wconf 84' lang='lat' dir='ltr'>arbo-</span> 
     </span>
     <span class='ocr_line' id='line_1_12' title="bbox 244 942 1701 998; baseline -0.006 -10"><span class='ocrx_word' id='word_1_108' title='bbox 244 950 348 987; x_wconf 90' lang='lat' dir='ltr'>ribus</span> <span class='ocrx_word' id='word_1_109' title='bbox 366 949 492 998; x_wconf 85' lang='lat' dir='ltr'>aliqua</span> <span class='ocrx_word' id='word_1_110' title='bbox 514 945 740 983; x_wconf 79' lang='lat' dir='ltr'>Macrobius</span> <span class='ocrx_word' id='word_1_111' title='bbox 761 945 871 982; x_wconf 82' lang='lat' dir='ltr'>affert</span> <span class='ocrx_word' id='word_1_112' title='bbox 889 946 1040 982; x_wconf 78' lang='lat' dir='ltr'>Satura.</span> <span class='ocrx_word' id='word_1_113' title='bbox 1066 956 1116 981; x_wconf 91' lang='lat'>11.</span> <span class='ocrx_word' id='word_1_114' title='bbox 1145 951 1203 982; x_wconf 67' lang='lat'>14.</span> <span class='ocrx_word' id='word_1_115' title='bbox 1225 951 1263 982; x_wconf 87' lang='lat' dir='ltr'>et</span> <span class='ocrx_word' id='word_1_116' title='bbox 1288 949 1347 981; x_wconf 82' lang='lat'>15.</span> <span class='ocrx_word' id='word_1_117' title='bbox 1407 942 1521 992; x_wconf 81' lang='lat' dir='ltr'>Apud</span> <span class='ocrx_word' id='word_1_118' title='bbox 1546 944 1701 980; x_wconf 82' lang='lat' dir='ltr'>Festum</span> 
     </span>
     <span class='ocr_line' id='line_1_13' title="bbox 245 1007 1705 1064; baseline -0.005 -13"><span class='ocrx_word' id='word_1_119' title='bbox 245 1026 399 1064; x_wconf 90' lang='lat' dir='ltr'>quoque</span> <span class='ocrx_word' id='word_1_120' title='bbox 421 1013 459 1049; x_wconf 87' lang='lat' dir='ltr'>in</span> <span class='ocrx_word' id='word_1_121' title='bbox 481 1010 732 1054; x_wconf 76' lang='lat' dir='ltr'>Ordinarius,</span> <span class='ocrx_word' id='word_1_122' title='bbox 754 1023 799 1046; x_wconf 82' lang='lat' dir='ltr'>ex</span> <span class='ocrx_word' id='word_1_123' title='bbox 821 1009 954 1058; x_wconf 86' lang='lat' dir='ltr'>Oppio</span> <span class='ocrx_word' id='word_1_124' title='bbox 976 1009 1150 1053; x_wconf 86' lang='lat' dir='ltr'>docetur,</span> <span class='ocrx_word' id='word_1_125' title='bbox 1180 1021 1247 1045; x_wconf 90' lang='lat' dir='ltr'>cur</span> <span class='ocrx_word' id='word_1_126' title='bbox 1266 1007 1490 1045; x_wconf 80' lang='lat' dir='ltr'>ordinarius</span> <span class='ocrx_word' id='word_1_127' title='bbox 1510 1020 1579 1056; x_wconf 85' lang='lat' dir='ltr'>pro</span> <span class='ocrx_word' id='word_1_128' title='bbox 1599 1019 1705 1044; x_wconf 83' lang='lat' dir='ltr'>scur-</span> 
     </span>
     <span class='ocr_line' id='line_1_14' title="bbox 244 1069 1701 1127; baseline -0.005 -12"><span class='ocrx_word' id='word_1_129' title='bbox 244 1091 289 1115; x_wconf 80' lang='lat' dir='ltr'>ra</span> <span class='ocrx_word' id='word_1_130' title='bbox 323 1083 502 1127; x_wconf 86' lang='lat' dir='ltr'>ponatur.</span> <span class='ocrx_word' id='word_1_131' title='bbox 558 1074 656 1111; x_wconf 84' lang='lat' dir='ltr'>Item</span> <span class='ocrx_word' id='word_1_132' title='bbox 690 1074 726 1110; x_wconf 91' lang='lat' dir='ltr'>in</span> <span class='ocrx_word' id='word_1_133' title='bbox 762 1072 942 1109; x_wconf 69' lang='lat' dir='ltr'>Ran&#39;tum</span> <span class='ocrx_word' id='word_1_134' title='bbox 963 1074 1178 1109; x_wconf 81' lang='lat' dir='ltr'>advocatur</span> <span class='ocrx_word' id='word_1_135' title='bbox 1197 1071 1352 1122; x_wconf 88' lang='lat' dir='ltr'>Oppius</span> <span class='ocrx_word' id='word_1_136' title='bbox 1373 1070 1565 1108; x_wconf 82' lang='lat' dir='ltr'>Aurelius.</span> <span class='ocrx_word' id='word_1_137' title='bbox 1624 1069 1701 1108; x_wconf 88' lang='lat' dir='ltr'>Sed</span> 
     </span>
     <span class='ocr_line' id='line_1_15' title="bbox 244 1134 1702 1187; baseline -0.005 -8"><span class='ocrx_word' id='word_1_138' title='bbox 244 1141 409 1179; x_wconf 79' lang='lat' dir='ltr'>assentio</span> <span class='ocrx_word' id='word_1_139' title='bbox 429 1140 483 1184; x_wconf 89' lang='lat' dir='ltr'>iis,</span> <span class='ocrx_word' id='word_1_140' title='bbox 519 1137 586 1187; x_wconf 91' lang='lat' dir='ltr'>qui</span> <span class='ocrx_word' id='word_1_141' title='bbox 620 1136 705 1175; x_wconf 90' lang='lat' dir='ltr'>istic</span> <span class='ocrx_word' id='word_1_142' title='bbox 729 1135 885 1185; x_wconf 82' lang='lat' dir='ltr'>Opilius</span> <span class='ocrx_word' id='word_1_143' title='bbox 917 1136 1062 1185; x_wconf 84' lang='lat' dir='ltr'>legunt.</span> <span class='ocrx_word' id='word_1_144' title='bbox 1120 1136 1218 1172; x_wconf 73' lang='lat' dir='ltr'>Nam</span> <span class='ocrx_word' id='word_1_145' title='bbox 1241 1135 1395 1185; x_wconf 84' lang='lat' dir='ltr'>Oppius</span> <span class='ocrx_word' id='word_1_146' title='bbox 1415 1134 1702 1172; x_wconf 80' lang='lat' dir='ltr'>Grammaticus</span> 
     </span>
     <span class='ocr_line' id='line_1_16' title="bbox 247 1199 1702 1250; baseline -0.005 -7"><span class='ocrx_word' id='word_1_147' title='bbox 247 1205 376 1244; x_wconf 86' lang='lat' dir='ltr'>dictus</span> <span class='ocrx_word' id='word_1_148' title='bbox 414 1204 583 1241; x_wconf 84' lang='lat' dir='ltr'>Chares:</span> <span class='ocrx_word' id='word_1_149' title='bbox 613 1208 653 1238; x_wconf 85' lang='lat' dir='ltr'>at</span> <span class='ocrx_word' id='word_1_150' title='bbox 686 1200 840 1250; x_wconf 88' lang='lat' dir='ltr'>Opilius</span> <span class='ocrx_word' id='word_1_151' title='bbox 872 1200 1085 1237; x_wconf 85' lang='lat' dir='ltr'>vocabatur</span> <span class='ocrx_word' id='word_1_152' title='bbox 1120 1199 1320 1244; x_wconf 75' lang='lat' dir='ltr'>Aurelius;</span> <span class='ocrx_word' id='word_1_153' title='bbox 1354 1206 1395 1236; x_wconf 87' lang='lat' dir='ltr'>ut</span> <span class='ocrx_word' id='word_1_154' title='bbox 1422 1199 1481 1236; x_wconf 88' lang='lat' dir='ltr'>vel</span> <span class='ocrx_word' id='word_1_155' title='bbox 1515 1212 1560 1235; x_wconf 78' lang='lat' dir='ltr'>ex</span> <span class='ocrx_word' id='word_1_156' title='bbox 1592 1199 1702 1235; x_wconf 85' lang='lat' dir='ltr'>Festo</span> 
     </span>
     <span class='ocr_line' id='line_1_17' title="bbox 246 1262 1707 1320; baseline -0.005 -13"><span class='ocrx_word' id='word_1_157' title='bbox 246 1271 332 1320; x_wconf 90' lang='lat' dir='ltr'>ipso</span> <span class='ocrx_word' id='word_1_158' title='bbox 366 1269 401 1305; x_wconf 91' lang='lat' dir='ltr'>in</span> <span class='ocrx_word' id='word_1_159' title='bbox 437 1267 577 1305; x_wconf 79' lang='lat' dir='ltr'>Scdum</span> <span class='ocrx_word' id='word_1_160' title='bbox 604 1266 739 1315; x_wconf 88' lang='lat' dir='ltr'>liquet.</span> <span class='ocrx_word' id='word_1_161' title='bbox 798 1266 922 1302; x_wconf 89' lang='lat' dir='ltr'>Immo</span> <span class='ocrx_word' id='word_1_162' title='bbox 955 1277 1026 1301; x_wconf 90' lang='lat' dir='ltr'>nec</span> <span class='ocrx_word' id='word_1_163' title='bbox 1061 1264 1240 1313; x_wconf 87' lang='lat' dir='ltr'>displicet</span> <span class='ocrx_word' id='word_1_164' title='bbox 1274 1263 1460 1300; x_wconf 86' lang='lat' dir='ltr'>sententia</span> <span class='ocrx_word' id='word_1_165' title='bbox 1494 1262 1707 1300; x_wconf 82' lang='lat' dir='ltr'>doctissimi</span> 
     </span>
     <span class='ocr_line' id='line_1_18' title="bbox 248 1325 1706 1382; baseline -0.005 -12"><span class='ocrx_word' id='word_1_166' title='bbox 248 1333 418 1378; x_wconf 81' lang='lat' dir='ltr'>Meursii,</span> <span class='ocrx_word' id='word_1_167' title='bbox 438 1331 597 1382; x_wconf 82' lang='lat' dir='ltr'>legentis</span> <span class='ocrx_word' id='word_1_168' title='bbox 616 1330 722 1380; x_wconf 87' lang='lat' dir='ltr'>apud</span> <span class='ocrx_word' id='word_1_169' title='bbox 744 1329 987 1366; x_wconf 88' lang='lat' dir='ltr'>Macrobium</span> <span class='ocrx_word' id='word_1_170' title='bbox 1012 1328 1166 1378; x_wconf 80' lang='lat' dir='ltr'>Opilius</span> <span class='ocrx_word' id='word_1_171' title='bbox 1183 1342 1194 1369; x_wconf 90' lang='lat'>,·</span> <span class='ocrx_word' id='word_1_172' title='bbox 1222 1327 1278 1364; x_wconf 89' lang='lat' dir='ltr'>uti</span> <span class='ocrx_word' id='word_1_173' title='bbox 1307 1334 1346 1364; x_wconf 90' lang='lat' dir='ltr'>et</span> <span class='ocrx_word' id='word_1_174' title='bbox 1365 1326 1467 1375; x_wconf 83' lang='lat' dir='ltr'>apud</span> <span class='ocrx_word' id='word_1_175' title='bbox 1494 1326 1647 1363; x_wconf 69' lang='lat' dir='ltr'>Festum</span> <span class='ocrx_word' id='word_1_176' title='bbox 1667 1325 1706 1362; x_wconf 91' lang='lat' dir='ltr'>in</span> 
     </span>
     <span class='ocr_line' id='line_1_19' title="bbox 250 1389 1706 1445; baseline -0.007 -9"><span class='ocrx_word' id='word_1_177' title='bbox 250 1398 501 1441; x_wconf 78' lang='lat' dir='ltr'>Ordinarius,</span> <span class='ocrx_word' id='word_1_178' title='bbox 536 1395 639 1445; x_wconf 87' lang='lat' dir='ltr'>apud</span> <span class='ocrx_word' id='word_1_179' title='bbox 673 1407 789 1445; x_wconf 90' lang='lat' dir='ltr'>quem</span> <span class='ocrx_word' id='word_1_180' title='bbox 809 1393 929 1444; x_wconf 85' lang='lat' dir='ltr'>Opilii</span> <span class='ocrx_word' id='word_1_181' title='bbox 950 1405 1088 1430; x_wconf 89' lang='lat' dir='ltr'>nomen</span> <span class='ocrx_word' id='word_1_182' title='bbox 1111 1392 1300 1441; x_wconf 83' lang='lat' dir='ltr'>integrum</span> <span class='ocrx_word' id='word_1_183' title='bbox 1320 1390 1433 1428; x_wconf 85' lang='lat' dir='ltr'>etiam</span> <span class='ocrx_word' id='word_1_184' title='bbox 1454 1389 1634 1427; x_wconf 83' lang='lat' dir='ltr'>remansit</span> <span class='ocrx_word' id='word_1_185' title='bbox 1667 1389 1706 1426; x_wconf 91' lang='lat' dir='ltr'>in</span> 
     </span>
     <span class='ocr_line' id='line_1_20' title="bbox 248 1454 1707 1508; baseline -0.007 -8"><span class='ocrx_word' id='word_1_186' title='bbox 248 1463 425 1500; x_wconf 75' lang='lat' dir='ltr'>Fomites.</span> <span class='ocrx_word' id='word_1_187' title='bbox 483 1461 566 1498; x_wconf 74' lang='lat' dir='ltr'>Nec</span> <span class='ocrx_word' id='word_1_188' title='bbox 601 1459 715 1504; x_wconf 88' lang='lat' dir='ltr'>enim,</span> <span class='ocrx_word' id='word_1_189' title='bbox 746 1457 884 1508; x_wconf 84' lang='lat' dir='ltr'>ecquid</span> <span class='ocrx_word' id='word_1_190' title='bbox 908 1457 1061 1508; x_wconf 88' lang='lat' dir='ltr'>Oppius</span> <span class='ocrx_word' id='word_1_191' title='bbox 1080 1457 1224 1494; x_wconf 80' lang='lat' dir='ltr'>Chares</span> <span class='ocrx_word' id='word_1_192' title='bbox 1257 1455 1458 1506; x_wconf 87' lang='lat' dir='ltr'>scripserit,</span> <span class='ocrx_word' id='word_1_193' title='bbox 1494 1454 1582 1492; x_wconf 81' lang='lat' dir='ltr'>satis</span> <span class='ocrx_word' id='word_1_194' title='bbox 1612 1467 1707 1492; x_wconf 89' lang='lat' dir='ltr'>con-</span> 
     </span>
     <span class='ocr_line' id='line_1_21' title="bbox 250 1532 336 1564; baseline 0 0"><span class='ocrx_word' id='word_1_195' title='bbox 250 1532 336 1564; x_wconf 80' lang='lat' dir='ltr'>stat.</span> 
     </span>
    </p>

    <p class='ocr_par' dir='ltr' id='par_1_3' title="bbox 251 1584 1713 2469">
     <span class='ocr_line' id='line_1_22' title="bbox 305 1584 1706 1636; baseline -0.004 -7"><span class='ocrx_word' id='word_1_196' title='bbox 305 1592 379 1629; x_wconf 85' lang='lat' dir='ltr'>Hic</span> <span class='ocrx_word' id='word_1_197' title='bbox 399 1590 512 1628; x_wconf 89' lang='lat' dir='ltr'>etiam</span> <span class='ocrx_word' id='word_1_198' title='bbox 546 1590 655 1626; x_wconf 90' lang='lat' dir='ltr'>locus</span> <span class='ocrx_word' id='word_1_199' title='bbox 683 1594 766 1625; x_wconf 89' lang='lat' dir='ltr'>esto</span> <span class='ocrx_word' id='word_1_200' title='bbox 801 1588 858 1624; x_wconf 84' lang='lat' dir='ltr'>M.</span> <span class='ocrx_word' id='word_1_201' title='bbox 881 1588 1014 1624; x_wconf 85' lang='lat' dir='ltr'>Bruto.</span> <span class='ocrx_word' id='word_1_202' title='bbox 1046 1598 1158 1636; x_wconf 84' lang='lat' dir='ltr'>quem</span> <span class='ocrx_word' id='word_1_203' title='bbox 1194 1585 1323 1622; x_wconf 67' lang='lat' dir='ltr'>Caesar</span> <span class='ocrx_word' id='word_1_204' title='bbox 1354 1584 1452 1622; x_wconf 83' lang='lat' dir='ltr'>iuter</span> <span class='ocrx_word' id='word_1_205' title='bbox 1482 1585 1706 1634; x_wconf 83' lang='lat' dir='ltr'>conjuratos</span> 
     </span>
     <span class='ocr_line' id='line_1_23' title="bbox 251 1648 1709 1703; baseline -0.003 -12"><span class='ocrx_word' id='word_1_206' title='bbox 251 1655 394 1699; x_wconf 88' lang='lat' dir='ltr'>videns,</span> <span class='ocrx_word' id='word_1_207' title='bbox 430 1668 451 1691; x_wconf 82' lang='lat' dir='ltr'>a</span> <span class='ocrx_word' id='word_1_208' title='bbox 473 1653 613 1703; x_wconf 87' lang='lat' dir='ltr'>quibus</span> <span class='ocrx_word' id='word_1_209' title='bbox 635 1651 927 1694; x_wconf 90' lang='lat' dir='ltr'>interimeretur,</span> <span class='ocrx_word' id='word_1_210' title='bbox 961 1649 1080 1686; x_wconf 86' lang='lat' dir='ltr'>filium</span> <span class='ocrx_word' id='word_1_211' title='bbox 1113 1649 1346 1685; x_wconf 82' lang='lat' dir='ltr'>nominavit:</span> <span class='ocrx_word' id='word_1_212' title='bbox 1375 1654 1414 1685; x_wconf 90' lang='lat' dir='ltr'>et</span> <span class='ocrx_word' id='word_1_213' title='bbox 1435 1648 1595 1685; x_wconf 84' lang='lat' dir='ltr'>sortasse</span> <span class='ocrx_word' id='word_1_214' title='bbox 1615 1655 1709 1694; x_wconf 85' lang='lat' dir='ltr'>erat,</span> 
     </span>
     <span class='ocr_line' id='line_1_24' title="bbox 251 1711 1708 1769; baseline -0.004 -13"><span class='ocrx_word' id='word_1_215' title='bbox 251 1717 407 1769; x_wconf 83' lang='lat' dir='ltr'>quando</span> <span class='ocrx_word' id='word_1_216' title='bbox 427 1730 515 1753; x_wconf 81' lang='lat' dir='ltr'>cum</span> <span class='ocrx_word' id='word_1_217' title='bbox 538 1723 658 1752; x_wconf 86' lang='lat' dir='ltr'>matre</span> <span class='ocrx_word' id='word_1_218' title='bbox 690 1715 776 1763; x_wconf 86' lang='lat' dir='ltr'>ejus</span> <span class='ocrx_word' id='word_1_219' title='bbox 808 1713 968 1751; x_wconf 81' lang='lat' dir='ltr'>Servilia</span> <span class='ocrx_word' id='word_1_220' title='bbox 990 1714 1121 1749; x_wconf 63' lang='lat' dir='ltr'>Caesar</span> <span class='ocrx_word' id='word_1_221' title='bbox 1147 1718 1412 1749; x_wconf 75' lang='lat' dir='ltr'>consueverat.</span> <span class='ocrx_word' id='word_1_222' title='bbox 1471 1711 1708 1750; x_wconf 87' lang='lat' dir='ltr'>Mentionem</span> 
     </span>
     <span class='ocr_line' id='line_1_25' title="bbox 251 1775 1710 1831; baseline -0.003 -12"><span class='ocrx_word' id='word_1_223' title='bbox 251 1782 334 1831; x_wconf 84' lang='lat' dir='ltr'>ejus</span> <span class='ocrx_word' id='word_1_224' title='bbox 351 1781 413 1818; x_wconf 89' lang='lat' dir='ltr'>hie</span> <span class='ocrx_word' id='word_1_225' title='bbox 443 1780 605 1817; x_wconf 84' lang='lat' dir='ltr'>facimus</span> <span class='ocrx_word' id='word_1_226' title='bbox 625 1786 784 1829; x_wconf 85' lang='lat' dir='ltr'>propter</span> <span class='ocrx_word' id='word_1_227' title='bbox 803 1777 992 1828; x_wconf 77' lang='lat' dir='ltr'>epitomas</span> <span class='ocrx_word' id='word_1_228' title='bbox 1015 1776 1183 1813; x_wconf 62' lang='lat' dir='ltr'>historiae</span> <span class='ocrx_word' id='word_1_229' title='bbox 1206 1775 1337 1813; x_wconf 82' lang='lat' dir='ltr'>Fannii</span> <span class='ocrx_word' id='word_1_230' title='bbox 1357 1781 1393 1812; x_wconf 91' lang='lat' dir='ltr'>et</span> <span class='ocrx_word' id='word_1_231' title='bbox 1416 1776 1524 1813; x_wconf 79' lang='lat' dir='ltr'>Caelii</span> <span class='ocrx_word' id='word_1_232' title='bbox 1548 1776 1710 1826; x_wconf 74' lang='lat' dir='ltr'>Antipa-</span> 
     </span>
     <span class='ocr_line' id='line_1_26' title="bbox 251 1839 1709 1894; baseline -0.004 -10"><span class='ocrx_word' id='word_1_233' title='bbox 251 1846 321 1884; x_wconf 88' lang='lat' dir='ltr'>tri:</span> <span class='ocrx_word' id='word_1_234' title='bbox 352 1845 400 1882; x_wconf 91' lang='lat' dir='ltr'>de</span> <span class='ocrx_word' id='word_1_235' title='bbox 433 1845 573 1894; x_wconf 90' lang='lat' dir='ltr'>quibus</span> <span class='ocrx_word' id='word_1_236' title='bbox 607 1842 779 1892; x_wconf 87' lang='lat' dir='ltr'>superius</span> <span class='ocrx_word' id='word_1_237' title='bbox 813 1841 994 1885; x_wconf 85' lang='lat' dir='ltr'>diximus,</span> <span class='ocrx_word' id='word_1_238' title='bbox 1031 1854 1117 1877; x_wconf 87' lang='lat' dir='ltr'>cum</span> <span class='ocrx_word' id='word_1_239' title='bbox 1151 1839 1198 1877; x_wconf 89' lang='lat' dir='ltr'>de</span> <span class='ocrx_word' id='word_1_240' title='bbox 1232 1847 1391 1889; x_wconf 88' lang='lat' dir='ltr'>utroque</span> <span class='ocrx_word' id='word_1_241' title='bbox 1423 1841 1494 1876; x_wconf 93' lang='lat' dir='ltr'>hoc</span> <span class='ocrx_word' id='word_1_242' title='bbox 1526 1840 1709 1878; x_wconf 70' lang='lat' dir='ltr'>historico</span> 
     </span>
     <span class='ocr_line' id='line_1_27' title="bbox 252 1903 1709 1959; baseline -0.003 -13"><span class='ocrx_word' id='word_1_243' title='bbox 252 1922 463 1959; x_wconf 79' lang='lat' dir='ltr'>ageremus.</span> <span class='ocrx_word' id='word_1_244' title='bbox 533 1907 617 1943; x_wconf 72' lang='lat' dir='ltr'>Alia</span> <span class='ocrx_word' id='word_1_245' title='bbox 649 1906 765 1943; x_wconf 84' lang='lat' dir='ltr'>etiam</span> <span class='ocrx_word' id='word_1_246' title='bbox 795 1905 1008 1954; x_wconf 87' lang='lat' dir='ltr'>scripsisse,</span> <span class='ocrx_word' id='word_1_247' title='bbox 1042 1911 1190 1941; x_wconf 84' lang='lat' dir='ltr'>certum</span> <span class='ocrx_word' id='word_1_248' title='bbox 1210 1910 1280 1940; x_wconf 83' lang='lat' dir='ltr'>est.</span> <span class='ocrx_word' id='word_1_249' title='bbox 1338 1904 1439 1940; x_wconf 85' lang='lat' dir='ltr'>Nam</span> <span class='ocrx_word' id='word_1_250' title='bbox 1469 1903 1605 1940; x_wconf 88' lang='lat' dir='ltr'>librum</span> <span class='ocrx_word' id='word_1_251' title='bbox 1627 1904 1709 1954; x_wconf 83' lang='lat' dir='ltr'>ejus</span> 
     </span>
     <span class='ocr_line' id='line_1_28' title="bbox 252 1967 1709 2010; baseline -0.003 0"><span class='ocrx_word' id='word_1_252' title='bbox 252 1973 298 2010; x_wconf 90' lang='lat' dir='ltr'>de</span> <span class='ocrx_word' id='word_1_253' title='bbox 319 1971 472 2010; x_wconf 88' lang='lat' dir='ltr'>Officiis</span> <span class='ocrx_word' id='word_1_254' title='bbox 509 1970 703 2007; x_wconf 83' lang='lat' dir='ltr'>Charisius</span> <span class='ocrx_word' id='word_1_255' title='bbox 739 1969 832 2005; x_wconf 80' lang='lat' dir='ltr'>citat</span> <span class='ocrx_word' id='word_1_256' title='bbox 867 1969 934 2005; x_wconf 87' lang='lat' dir='ltr'>lib.</span> <span class='ocrx_word' id='word_1_257' title='bbox 960 1980 988 2004; x_wconf 86' lang='grc' dir='ltr'>Ι.</span> <span class='ocrx_word' id='word_1_258' title='bbox 1020 1975 1055 2004; x_wconf 92' lang='lat' dir='ltr'>et</span> <span class='ocrx_word' id='word_1_259' title='bbox 1093 1967 1306 2004; x_wconf 85' lang='lat' dir='ltr'>Priscianus</span> <span class='ocrx_word' id='word_1_260' title='bbox 1334 1967 1400 2003; x_wconf 89' lang='lat' dir='ltr'>lib.</span> <span class='ocrx_word' id='word_1_261' title='bbox 1424 1978 1485 2003; x_wconf 79' lang='lat' dir='ltr'>vt.</span> <span class='ocrx_word' id='word_1_262' title='bbox 1544 1970 1600 2005; x_wconf 72' lang='lat' dir='ltr'>Ac</span> <span class='ocrx_word' id='word_1_263' title='bbox 1623 1969 1709 2006; x_wconf 89' lang='lat' dir='ltr'>libri</span> 
     </span>
     <span class='ocr_line' id='line_1_29' title="bbox 253 2031 1709 2085; baseline -0.002 -12"><span class='ocrx_word' id='word_1_264' title='bbox 253 2035 303 2074; x_wconf 91' lang='lat' dir='ltr'>de</span> <span class='ocrx_word' id='word_1_265' title='bbox 332 2035 518 2085; x_wconf 84' lang='lat' dir='ltr'>patientia</span> <span class='ocrx_word' id='word_1_266' title='bbox 552 2033 723 2070; x_wconf 85' lang='lat' dir='ltr'>meminit</span> <span class='ocrx_word' id='word_1_267' title='bbox 758 2032 964 2069; x_wconf 83' lang='lat' dir='ltr'>Diomedes</span> <span class='ocrx_word' id='word_1_268' title='bbox 999 2031 1066 2068; x_wconf 89' lang='lat' dir='ltr'>lib.</span> <span class='ocrx_word' id='word_1_269' title='bbox 1105 2042 1133 2067; x_wconf 92' lang='lat'>1.</span> <span class='ocrx_word' id='word_1_270' title='bbox 1210 2032 1298 2074; x_wconf 82' lang='lat' dir='ltr'>Quo</span> <span class='ocrx_word' id='word_1_271' title='bbox 1331 2031 1443 2067; x_wconf 79' lang='lat' dir='ltr'>etiam</span> <span class='ocrx_word' id='word_1_272' title='bbox 1474 2031 1572 2068; x_wconf 84' lang='lat' dir='ltr'>libro</span> <span class='ocrx_word' id='word_1_273' title='bbox 1605 2033 1709 2069; x_wconf 85' lang='lat' dir='ltr'>testis</span> 
     </span>
     <span class='ocr_line' id='line_1_30' title="bbox 254 2094 1711 2144; baseline -0.003 -6"><span class='ocrx_word' id='word_1_274' title='bbox 254 2099 460 2139; x_wconf 84' lang='lat' dir='ltr'>adhibetur</span> <span class='ocrx_word' id='word_1_275' title='bbox 495 2099 633 2135; x_wconf 87' lang='lat' dir='ltr'>Brutus</span> <span class='ocrx_word' id='word_1_276' title='bbox 663 2096 880 2133; x_wconf 78' lang='lat' dir='ltr'>laudatione</span> <span class='ocrx_word' id='word_1_277' title='bbox 917 2095 1031 2144; x_wconf 67' lang='lat' dir='ltr'>Appii</span> <span class='ocrx_word' id='word_1_278' title='bbox 1067 2094 1232 2131; x_wconf 85' lang='lat' dir='ltr'>Claudii.</span> <span class='ocrx_word' id='word_1_279' title='bbox 1292 2096 1344 2131; x_wconf 81' lang='lat' dir='ltr'>Ut</span> <span class='ocrx_word' id='word_1_280' title='bbox 1379 2095 1468 2131; x_wconf 88' lang='lat' dir='ltr'>nihil</span> <span class='ocrx_word' id='word_1_281' title='bbox 1501 2096 1629 2133; x_wconf 88' lang='lat' dir='ltr'>dicam</span> <span class='ocrx_word' id='word_1_282' title='bbox 1663 2096 1711 2134; x_wconf 90' lang='lat' dir='ltr'>de</span> 
     </span>
     <span class='ocr_line' id='line_1_31' title="bbox 254 2158 1710 2214; baseline -0.003 -12"><span class='ocrx_word' id='word_1_283' title='bbox 254 2163 441 2214; x_wconf 87' lang='lat' dir='ltr'>epistolis,</span> <span class='ocrx_word' id='word_1_284' title='bbox 476 2175 636 2212; x_wconf 73' lang='lat' dir='ltr'>(piarum</span> <span class='ocrx_word' id='word_1_285' title='bbox 670 2174 742 2196; x_wconf 77' lang='lat' dir='ltr'>non</span> <span class='ocrx_word' id='word_1_286' title='bbox 775 2173 850 2196; x_wconf 88' lang='lat' dir='ltr'>uno</span> <span class='ocrx_word' id='word_1_287' title='bbox 884 2161 972 2196; x_wconf 83' lang='lat' dir='ltr'>loco</span> <span class='ocrx_word' id='word_1_288' title='bbox 1005 2159 1233 2195; x_wconf 87' lang='lat' dir='ltr'>mentionem</span> <span class='ocrx_word' id='word_1_289' title='bbox 1269 2158 1412 2195; x_wconf 71' lang='lat' dir='ltr'>sziciuut</span> <span class='ocrx_word' id='word_1_290' title='bbox 1445 2160 1710 2198; x_wconf 78' lang='lat' dir='ltr'>Graminatici.</span> 
     </span>
     <span class='ocr_line' id='line_1_32' title="bbox 255 2221 1710 2277; baseline -0.003 -12"><span class='ocrx_word' id='word_1_291' title='bbox 255 2230 314 2266; x_wconf 83' lang='lat' dir='ltr'>Ac</span> <span class='ocrx_word' id='word_1_292' title='bbox 350 2228 489 2277; x_wconf 71' lang='lat' dir='ltr'>aliqum</span> <span class='ocrx_word' id='word_1_293' title='bbox 528 2226 735 2263; x_wconf 79' lang='lat' dir='ltr'>etiamnum</span> <span class='ocrx_word' id='word_1_294' title='bbox 773 2230 988 2273; x_wconf 80' lang='lat' dir='ltr'>supersunt,</span> <span class='ocrx_word' id='word_1_295' title='bbox 1038 2235 1126 2259; x_wconf 83' lang='lat' dir='ltr'>sane</span> <span class='ocrx_word' id='word_1_296' title='bbox 1165 2221 1327 2270; x_wconf 65' lang='lat' dir='ltr'>ingentis</span> <span class='ocrx_word' id='word_1_297' title='bbox 1367 2222 1520 2270; x_wconf 78' lang='lat' dir='ltr'>spiritus</span> <span class='ocrx_word' id='word_1_298' title='bbox 1559 2223 1710 2272; x_wconf 84' lang='lat' dir='ltr'>plenae;</span> 
     </span>
     <span class='ocr_line' id='line_1_33' title="bbox 256 2286 1713 2342; baseline -0.003 -13"><span class='ocrx_word' id='word_1_299' title='bbox 256 2291 428 2342; x_wconf 86' lang='lat' dir='ltr'>inprimis</span> <span class='ocrx_word' id='word_1_300' title='bbox 449 2292 521 2327; x_wconf 74' lang='lat' dir='ltr'>iltae</span> <span class='ocrx_word' id='word_1_301' title='bbox 543 2291 588 2327; x_wconf 84' lang='lat' dir='ltr'>ad</span> <span class='ocrx_word' id='word_1_302' title='bbox 611 2289 800 2332; x_wconf 89' lang='lat' dir='ltr'>Tullium,</span> <span class='ocrx_word' id='word_1_303' title='bbox 835 2296 871 2325; x_wconf 88' lang='lat' dir='ltr'>et</span> <span class='ocrx_word' id='word_1_304' title='bbox 893 2288 1022 2324; x_wconf 65' lang='lat' dir='ltr'>altera*</span> <span class='ocrx_word' id='word_1_305' title='bbox 1046 2287 1093 2323; x_wconf 85' lang='lat' dir='ltr'>ad</span> <span class='ocrx_word' id='word_1_306' title='bbox 1117 2287 1305 2330; x_wconf 76' lang='lat' dir='ltr'>Atticum,</span> <span class='ocrx_word' id='word_1_307' title='bbox 1342 2286 1482 2335; x_wconf 82' lang='lat' dir='ltr'>‹piibus</span> <span class='ocrx_word' id='word_1_308' title='bbox 1511 2288 1713 2337; x_wconf 86' lang='lat' dir='ltr'>conqueri-</span> 
     </span>
     <span class='ocr_line' id='line_1_34' title="bbox 257 2350 1709 2403; baseline -0.003 -10"><span class='ocrx_word' id='word_1_309' title='bbox 257 2362 319 2393; x_wconf 87' lang='lat' dir='ltr'>tur</span> <span class='ocrx_word' id='word_1_310' title='bbox 337 2355 384 2393; x_wconf 89' lang='lat' dir='ltr'>de</span> <span class='ocrx_word' id='word_1_311' title='bbox 403 2355 549 2398; x_wconf 89' lang='lat' dir='ltr'>Tullio,</span> <span class='ocrx_word' id='word_1_312' title='bbox 585 2353 688 2403; x_wconf 88' lang='lat' dir='ltr'>quod</span> <span class='ocrx_word' id='word_1_313' title='bbox 711 2351 869 2388; x_wconf 88' lang='lat' dir='ltr'>nimium</span> <span class='ocrx_word' id='word_1_314' title='bbox 890 2350 1088 2387; x_wconf 87' lang='lat' dir='ltr'>evehendo</span> <span class='ocrx_word' id='word_1_315' title='bbox 1109 2351 1317 2387; x_wconf 85' lang='lat' dir='ltr'>Octavium</span> <span class='ocrx_word' id='word_1_316' title='bbox 1340 2363 1513 2398; x_wconf 85' lang='lat' dir='ltr'>puerum,</span> <span class='ocrx_word' id='word_1_317' title='bbox 1548 2352 1709 2400; x_wconf 87' lang='lat' dir='ltr'>pessime</span> 
     </span>
     <span class='ocr_line' id='line_1_35' title="bbox 258 2413 1603 2469; baseline -0.004 -12"><span class='ocrx_word' id='word_1_318' title='bbox 258 2418 435 2457; x_wconf 84' lang='lat' dir='ltr'>consulat</span> <span class='ocrx_word' id='word_1_319' title='bbox 454 2417 626 2469; x_wconf 89' lang='lat' dir='ltr'>publico.</span> <span class='ocrx_word' id='word_1_320' title='bbox 681 2417 770 2460; x_wconf 86' lang='lat' dir='ltr'>Quo</span> <span class='ocrx_word' id='word_1_321' title='bbox 789 2415 881 2453; x_wconf 90' lang='lat' dir='ltr'>nihil</span> <span class='ocrx_word' id='word_1_322' title='bbox 901 2415 1025 2452; x_wconf 83' lang='lat' dir='ltr'>verius</span> <span class='ocrx_word' id='word_1_323' title='bbox 1046 2414 1212 2452; x_wconf 85' lang='lat' dir='ltr'>scribere</span> <span class='ocrx_word' id='word_1_324' title='bbox 1231 2420 1297 2451; x_wconf 87' lang='lat' dir='ltr'>aut</span> <span class='ocrx_word' id='word_1_325' title='bbox 1317 2414 1443 2452; x_wconf 87' lang='lat' dir='ltr'>dicere</span> <span class='ocrx_word' id='word_1_326' title='bbox 1464 2413 1603 2464; x_wconf 87' lang='lat' dir='ltr'>potuit.</span> 
     </span>
    </p>
   </div>
  </div>
 </body>
</html>
