1872 3104
608 185 649 214 ο.
681 183 719 213 J.
752 178 969 211 oAESAms
1004 179 1135 210 vira.
1491 168 1605 212 1925

694 411 729 453 C
745 410 786 452 A
801 411 854 453 P.
905 410 1044 452 XVI.

149 525 297 556 Militum
314 533 408 556 amor
422 522 567 554 Caesaris
595 531 741 553 summus
769 525 854 552 erat.
900 520 1066 561 Exempla
1088 520 1242 562 qnaedarn
1271 520 1438 551 sactorum
1464 517 1608 549 fortissi—

807 584 949 605 morum.

199 686 337 735 Εὺνοίᾳ
365 687 405 723 δὲ
425 688 483 723 καὶ
505 689 689 735 προθυμίᾳ
711 692 941 734 στρατιωτῶν
961 686 1148 735 ἐχρήσατο
1168 686 1326 736 τοσαύτῃ
1347 682 1433 731 πρὸς
1463 681 1603 724 αὑτὸν,1

151 753 243 787 ὥστε
263 751 343 787 τοὺς
363 751 494 799 ἑτέρων
515 749 630 800 μηδὲν
666 751 707 786 ἐν
739 757 816 787 ταῖς
852 751 987 785 ἄλλαις
1014 751 1220 796 στρατείαις
1241 745 1490 795 διαφέροντας,
1511 745 1609 794 ἁμά·

147 830 236 866 χους
255 817 313 852 καὶ
332 815 609 852 ἀνυποστάτους
630 816 806 864 φέρεσθαι
828 814 913 862 πρὸς
945 817 1020 849 πᾶν
1050 811 1174 848 δεινὸν
1204 811 1294 857 ὑπὲρ
1328 816 1385 852 τῆς
1419 810 1609 855 Καίσαρος

149 878 261 925 δόξης.
318 877 406 915 Οἷός
429 878 473 923 ἦν
494 884 598 916 τοῦτο
624 880 693 928 μὲν
720 877 898 920 Ἀκίλιος,
922 877 957 913 ὃς
978 877 1019 912 ἑν
1038 879 1081 927 τῇ
1102 877 1182 922 περὶ
1203 873 1444 910 ὒῙασσαλίαν
1466 888 1610 921 ναυμα-

150 942 251 994 ’χίᾳῇ
272 946 357 980 νεὼς
380 947 559 993 πολεμίας
580 941 823 990 ἐπιβεβηκὼς,
846 943 911 984 τὴν
942 942 1012 989 μὲν
1044 939 1166 984 δεξιὰν
1196 940 1363 982 ἀπεκόπη
1398 941 1506 987 χεῖρα
1542 952 1612 986 μα-

151 1010 277 1056 χαίρᾳ,
299 1010 342 1059 τῇ
381 1005 410 1042 δ’

149 1071 326 1118 πρόσωπα
358 1071 437 1107 τοὺς
471 1073 679 1119 πολεμίους,
710 1069 922 1117 ἀπέστρεψε
951 1069 1102 1111 πάντας,
1126 1069 1184 1104 καὶ
1203 1075 1266 1103 τοῦ
1289 1070 1441 1116 σκάφους
1462 1064 1614 1112 ἐπεκρά-

447 1009 619 1055 ἀριστερᾷ
653 1006 716 1042 τὸν
750 1005 879 1054 θυρεὸν
917 1006 979 1041 οὐκ
1015 1006 1166 1054 ἀφῆκεν,
1189 1005 1291 1040 ἀλλὰ
1312 1004 1455 1038 τύπτων
1483 1001 1534 1036 εἷς
1567 1002 1612 1037 τὰ

149 1146 248 1176 τησε·
279 1139 382 1171 τοῦτο
399 1133 437 1170 δὲ
458 1134 624 1170 Κάσσιος
643 1133 807 1179 Σκεύαξ,3
849 1134 886 1170 ὃς
919 1134 960 1169 έν
995 1135 1037 1184 τῇ
1070 1134 1152 1180 περὶ
1185 1132 1392 1181 Δυῤῥάχιον
1424 1133 1529 1181 μάχῃ
1549 1127 1613 1164 τὸν

151 1198 341 1248 ὀφθαλμὸν
362 1200 521 1236 ἐκκοπεὶς
541 1198 744 1248 τοξεύματι,
776 1198 840 1235 τὸν
874 1196 903 1234 δ’
936 1194 1037 1248 ᾦμον
1069 1198 1166 1247 ὑσσῷ
1197 1198 1255 1232 καὶ
1286 1196 1350 1232 τὸν
1369 1195 1485 1245 μηρὸν
1505 1195 1613 1243 ἑτέρῳ

152 1259 430 1311 διεληλαμένος,
452 1267 500 1314 τῷ
534 1261 573 1299 δὲ
604 1265 719 1315 θυρεῷ
751 1261 878 1307 βελῶν
913 1261 1043 1298 ἑκατὸν
1064 1263 1122 1297 καὶ
1143 1264 1336 1309 τριάκοντα
1356 1261 1504 1305 πληγὰς
1523 1259 1615 1294 ἀνα-

1439 1321 1542 1359 δυεῖν
1575 1319 1616 1357 δὲ

154 1391 391 1438 προσιόντων,
422 1396 484 1427 τοῦ
517 1391 586 1439 μὲν
606 1391 771 1428 ἀπέκοώε
793 1392 856 1428 τὸν
877 1388 979 1442 ᾧμον
1012 1393 1054 1442 τῇ
1085 1393 1268 1440 μαχαίρᾳ,
1291 1389 1354 1426 τὸν
1374 1387 1413 1425 δὲ
1431 1390 1522 1424 κατὰ
1555 1390 1616 1424 τοῦ

152 1323 384 1375 δεδεγμένος,
406 1328 529 1363 ἐκάλει
549 1328 626 1364 τοὺς
654 1330 866 1375 πολεμίους,
895 1330 939 1363 ὡς
970 1324 1202 1375 παραδώσων
1236 1325 1380 1360 ἑαυτόν·

153 1458 344 1500 προσώπου
375 1455 538 1500 πατάξας
566 1455 784 1502 ἀνέτρεψεν·
802 1453 820 1475 ⁴
853 1455 960 1492 αὐτὸς
988 1453 1027 1491 δὲ
1046 1453 1214 1498 διεσώθη,
1237 1459 1309 1490 τῶν
1341 1454 1484 1489 οἰκείων
1516 1467 1616 1500 περι-

155 1519 338 1568 σχόντων.
400 1519 464 1555 Ἐν
502 1519 544 1555 δὲ
581 1518 785 1568 Βρεττανίᾳ
823 1525 894 1555 τῶν
932 1521 1123 1566 πολεμίων
1161 1519 1210 1554 εἰς
1249 1518 1362 1553 τόπον
1400 1513 1518 1560 ἑλώδη
1557 1517 1616 1552 καὶ

153 1581 291 1631 μεστὸν
310 1580 438 1619 ὕδατος
464 1582 668 1632 ἐμπεσοῦσι
698 1587 773 1619 τοῖς
806 1583 957 1629 πρώτοις
993 1581 1207 1632 ταξιάρχαις
1238 1581 1478 1630 ἐπιθεμένων,
1511 1594 1618 1627 στρα·

155 1650 281 1692 τιώτης
300 1646 520 1695 Καίσαρος,ς
557 1648 668 1684 αὐτοῦ
700 1649 767 1692 τὴν
795 1647 926 1697 μάχην
960 1646 1172 1697 ἐφορῶντος,
1192 1645 1380 1694 ὠσάμενος
1402 1645 1452 1680 εἷς
1472 1647 1617 1693 μέσους,

818 1760 961 1796 NOTAE

200 1841 216 1869 1
243 1836 322 1878 Πρὸς
349 1838 457 1879 αὑτὸν]
501 1839 557 1870 Sic
584 1839 707 1871 Reiske
736 1839 778 1871 de
800 1849 860 1871 suo

156 1897 218 1931 pro
232 1887 300 1929 περὶ
316 1888 421 1920 αὑτόν.

198 1943 218 1971 2
241 1939 423 1981 Ναυμαχίᾳ]
459 1942 562 1972 Forte
579 1941 710 1972 facinus
729 1942 765 1972 C.
782 1940 861 1971 Aci-

153 1989 201 2029 lii,
217 1990 360 2022 decimae
378 1991 520 2032 legionis
536 1991 664 2031 militis,
688 1991 861 2032 Cynaegiri

156 2042 349 2082 exemplum
366 2042 501 2082 imitati,
515 2043 617 2073 etiam
634 2042 775 2073 sueton.
789 2042 860 2074 Jul.

157 2101 188 2124 c.
205 2094 258 2123 68.
302 2092 418 2124 Valer.
435 2093 530 2124 Max.
547 2101 602 2125 111.
619 2095 650 2126 2,
666 2095 718 2124 22.
736 2092 861 2134 aliique

159 2147 432 2174 commemorant.

203 2194 221 2222 3
245 2190 376 2231 Σκεύαξ]
406 2193 494 2232 Lege
512 2203 588 2224 cum
604 2193 716 2225 Anon.
733 2193 862 2226 Σκεύας.

160 2242 211 2273 M.
229 2243 356 2273 Cassius
371 2243 458 2284 (sive
477 2243 616 2283 Caesius,
628 2248 665 2274 ut
676 2244 752 2275 Vai.
767 2245 861 2276 Max.

160 2301 217 2324 111.
234 2295 265 2324 2.
282 2292 351 2333 23.)
375 2293 481 2324 Sem-a
505 2299 577 2324 erat
602 2298 672 2325 tum
697 2295 865 2335 centurio,

161 2343 257 2383 cujus
291 2342 379 2374 forte
418 2344 547 2375 factum
576 2344 689 2375 Caesar
718 2345 790 2385 ipse
821 2345 864 2375 de

161 2393 250 2424 helio
267 2394 340 2425 Civ.
368 2403 406 2424 n.
424 2397 491 2433 53„
518 2394 694 2435 Appianus
718 2394 761 2425 de
785 2395 863 2426 ben.

160 2444 250 2475 civil.
277 2453 318 2475 ιι.
344 2447 396 2475 60.
428 2446 550 2486 aliique
577 2455 643 2476 non
670 2450 862 2477 tacuerunt.

162 2494 276 2525 Caesar
300 2494 518 2535 (invulgata)
545 2504 675 2528 ccxxx.
702 2495 867 2527 foramina

160 2545 195 2576 in
221 2546 343 2586 clypeo
366 2546 503 2577 inventa
525 2548 653 2586 tradit;
689 2549 756 2579 duo
783 2558 865 2580 vero

161 2595 298 2627 codices
314 2604 396 2627 cxx.
414 2596 576 2627 exhibent
592 2607 600 2635 ;
639 2608 738 2638 quem
754 2607 867 2628 nume-

163 2656 236 2677 rum
267 2646 402 2687 plurimi
432 2647 651 2688 reliquorum,
677 2648 734 2688 qui
761 2647 802 2678 de
828 2657 868 2678 eo

162 2694 256 2728 facto
272 2697 476 2728 mentionem
494 2696 664 2737 fecerunt,
689 2698 869 2739 scripsere.

162 2747 231 2780 Sed
261 2748 296 2780 in
325 2749 376 2780 his
406 2748 568 2789 minutiis,
601 2759 740 2791 quarum
786 2749 869 2782 alias

915 1849 1050 1881 quoque
1080 1843 1198 1870 notare
1228 1846 1375 1879 pqssem‚
1401 1836 1524 1867 morari
1553 1836 1623 1867 lon-

916 1901 993 1931 gum
1011 1894 1114 1921 esset.

958 1943 977 1971 4
1001 1938 1216 1980 Ἀνέστρεψεν]
1235 1938 1344 1969 Causa
1358 1947 1423 1968 non
1440 1936 1506 1968 fuit
1515 1937 1620 1978 justa,

917 2001 978 2022 eui·
1009 1990 1138 2021 Reiske
1166 1990 1214 2021 sic
1246 1989 1367 2020 ederet
1395 1998 1455 2029 pro
1485 1989 1623 2029 vulgata

915 2039 1116 2081 ἀπέστρεψεν.

959 2096 976 2123 5
1002 2090 1196 2132 Στρατιώτης
1213 2089 1381 2130 Καίσαρος]
1410 2090 1451 2120 In
1469 2089 1623 2130 pluribus

915 2143 1046 2174 Valerii
1065 2143 1159 2173 Max.
1194 2150 1250 2172 111.
1276 2143 1307 2171 2.
1325 2142 1377 2171 24.
1407 2139 1515 2171 Codd.
1541 2139 1624 2170 Scoe-

916 2195 985 2224 vola
1001 2198 1163 2230 vocatur3
1198 2192 1336 2232 vulgata
1353 2190 1493 2221 Scaeam
1509 2191 1625 2230 appel-

917 2244 976 2283 lat,
1001 2243 1057 2284 qui
1081 2242 1124 2273 ab
1151 2240 1399 2282 interpretibus
1426 2249 1486 2280 pro
1503 2240 1624 2270 eodem

916 2293 1076 2332 habetur,
1104 2292 1200 2333 cujus
1230 2290 1330 2322 inodo
1362 2290 1517 2321 meminit
1545 2291 1626 2321 Plu-

917 2345 1076 2384 tarchus;
1116 2354 1214 2386 quem
1246 2350 1318 2375 tum
1351 2344 1467 2374 Caesar
1491 2342 1626 2383 praemii

918 2396 993 2427 loco
1010 2406 1053 2427 ex
1068 2396 1177 2426 milite
1205 2394 1360 2435 gregario
1390 2393 1625 2424 centurionem

920 2445 1056 2477 fecerit.
1100 2445 1147 2476 At
1165 2446 1232 2477 Dio
1250 2445 1384 2476 Cassius
1399 2443 1457 2474 lib.
1478 2451 1624 2473 xxxva.

921 2507 998 2527 eum
1015 2497 1166 2538 appellat
1185 2495 1330 2526 Publium
1347 2494 1512 2532 Scoerium,
1531 2492 1626 2533 cujus

921 2546 1010 2578 forte
1027 2546 1152 2577 factum
1170 2546 1349 2584 accidisse,
1366 2554 1441 2574 cum
1459 2543 1576 2574 Caesar
1592 2542 1628 2574 in

923 2597 1090 2637 Hispania
1107 2601 1298 2636 propraetor
1319 2594 1443 2625 milites
1464 2592 1627 2635 quosdam

922 2656 964 2677 ex
995 2646 1190 2677 continente
1219 2645 1252 2676 in
1282 2644 1425 2675 insulam
1458 2643 1627 2685 quandam

925 2696 1054 2728 Oceani
1071 2696 1228 2737 misisset,
1242 2701 1361 2727 auctor
1377 2700 1441 2726 est.
