1872 3104
606 193 668 222 nr.
700 192 740 220 o.
762 189 906 220 sumo
939 187 1158 217 CAESARE.
1471 178 1584 219 2041

137 291 320 330 sententia
342 287 478 340 passim
496 292 699 334 corruptus
716 289 785 326 est,
803 281 1013 329 ctjunioris
1028 280 1206 323 aiu-toris,
1223 293 1337 329 qnam
1361 287 1402 317 ut
1423 281 1584 320 Caesaris

138 364 311 406 tempora
340 351 528 397 attigerim
567 349 669 398 quotl
703 354 829 384 tamon
860 346 1044 382 Suetonio
1078 345 1230 381 mininie
1261 344 1394 387 visum,
1424 346 1489 393 qni
1523 348 1584 383 alii

138 420 292 470 quidem
329 429 442 465 quain
475 413 629 457 Caesari,
670 412 736 449 scd
774 411 834 448 nni
872 424 916 447 cx
952 411 1035 458 ejus
1074 409 1335 452 familiaribus,
1371 410 1502 458 Oppio
1530 410 1587 447 vel

138 483 272 526 Hirtio,
305 480 486 516 triliutum
510 478 676 527 scripsit.
715 476 861 513 Bellum
892 487 1005 524 porro
1028 474 1279 523 Hispaniense
1308 486 1377 522 pro
1396 487 1452 517 co,
1480 474 1585 522 quod

135 547 174 583 in
212 543 393 592 Hispania
430 548 573 588 gestum
613 548 682 583 ost,
716 541 765 577 ita
800 538 953 581 (licitur,
985 545 1022 574 ut
1059 538 1155 574 liber
1194 538 1466 586 Hispaniensis,
1498 538 1588 587 quia

135 609 297 658 scriptus
317 613 375 643 est
410 606 444 641 in
469 605 666 654 Hispania,
694 603 860 641 Martiali
881 602 1032 652 praefat.
1054 602 1138 639 libri
1160 613 1244 638 xm.
1277 608 1285 622 ‘
1310 615 1383 639 non
1409 603 1586 653 Hispani·

132 684 258 710 ensem
279 670 417 707 librum
440 670 646 713 mittamus,
664 669 726 705 sed
751 668 988 717 Hispanum)

133 788 198 826 De
218 786 327 825 Julio
351 785 457 823 Celso
488 791 522 823 et
554 785 832 823 commentariis
853 783 897 821 de
928 785 1003 821 vila
1039 785 1217 827 Caesure's‚
1248 796 1334 832 quoe
1364 783 1417 821 acl
1437 784 1586 822 Celsum

185 850 297 902 vulgo
325 850 566 900 referuntur,
597 864 614 886 c
639 849 776 899 quibus
804 848 970 897 petitum
1001 847 1158 897 longius
1176 846 1462 896 fragmentum,
1484 848 1589 898 quod

184 914 284 951 libro
301 913 344 951 cle
366 913 460 950 bello
486 913 738 962 Hispaniensi
753 912 909 961 sulgjecil
930 911 1264 960 Jungermanuus.

186 989 472 1040 Fragmentum,
505 994 674 1024 extrema
702 985 790 1022 belli
822 985 953 1028 civilis,
980 997 1001 1020 a
1023 984 1170 1021 Caesare
1204 984 1239 1020 in
1272 983 1456 1033 Hispania
1476 986 1585 1035 gesti,

129 1052 304 1098 reserens,
327 1055 634 1102 Jungcrmannus
656 1051 754 1087 libro
775 1049 823 1087 (le
845 1048 946 1086 bello
968 1048 1215 1098 Hispaniensi
1239 1048 1408 1096 subjecit
1428 1062 1474 1085 ex
1497 1049 1584 1087 MS.

129 1117 237 1154 Pauli
258 1116 400 1153 Petavii
434 1129 454 1152 a
483 1115 632 1152 Jacobo
660 1114 870 1164 Bongarsio
900 1120 1072 1163 accepto,
1094 1126 1113 1149 e
1144 1126 1221 1162 quo
1251 1112 1364 1149 etiam
1404 1114 1586 1151 (J'raecanl

127 1180 339 1218 versionem
366 1179 546 1216 librorum
569 1189 650 1215 VII.
684 1178 733 1215 de
766 1177 865 1215 bello
886 1177 1041 1214 Gallico
1061 1176 1197 1213 edidit.
1247 1176 1404 1213 Vossius
1425 1177 1587 1226 petitum

127 1257 210 1281 esse
231 1244 412 1281 observat
440 1257 460 1280 e
490 1242 773 1280 commentariis
794 1242 843 1279 de
869 1242 945 1279 vita
967 1241 1141 1285 Caesaris,
1164 1253 1260 1290 quos
1285 1240 1458 1277 tribuunt
1477 1241 1586 1278 ιΙιιΙὶο

131 1307 251 1344 Celso.
307 1309 435 1356 Atque
475 1319 564 1343 sane
599 1306 737 1356 legitur
774 1306 810 1342 in
846 1305 1015 1342 editione
1048 1305 1181 1342 horum
1221 1304 1585 1342 commentariorum

130 1371 352 1408 'Graeviana
380 1384 417 1420 p.
444 1376 631 1416 185-191.
687 1372 997 1419 Jungermannus
1028 1382 1117 1406 vero
1151 1375 1269 1413 notat,
1302 1369 1339 1405 in
1372 1369 1585 1418 Cujaciano

128 1434 262 1472 codice
300 1433 392 1470 illud
426 1435 640 1472 occurrisse
674 1435 750 1472 sine
783 1434 961 1471 nomine:
1001 1433 1037 1470 in
1072 1434 1288 1478 Petaviano,
1329 1433 1401 1470 sub
1434 1432 1586 1469 nomine

127 1497 374 1536 Petrarchae.
432 1498 568 1535 Primae
598 1498 960 1536 commentariorum
991 1497 1140 1535 illorum
1170 1496 1329 1534 editioni
1358 1496 1444 1533 anni
1470 1501 1585 1539 1473.

127 1563 274 1600 nullum
302 1575 441 1600 nomen
460 1563 630 1600 auctoris
651 1569 709 1600 est
735 1563 959 1611 ascriptum.
1017 1562 1227 1599 AtJulium
1247 1561 1401 1599 Celsum
1419 1559 1588 1610 appellat

127 1639 204 1664 non
236 1626 354 1664 modo
386 1626 544 1663 Vossius
579 1627 645 1663 lib.
671 1637 700 1663 1.
739 1626 786 1663 de
816 1624 1017 1663 Historicis
1050 1626 1134 1663 Lat.
1165 1639 1254 1676 cap.
1284 1631 1343 1663 13.
1382 1631 1419 1662 et
1445 1624 1513 1661 lib.
1544 1634 1584 1661 v.

127 1690 297 1728 Instituit.
321 1703 376 1726 or.
398 1703 434 1727 c.
450 1696 487 1728 3.
518 1696 699 1728 tmemate
719 1695 780 1728 10.
803 1689 868 1727 sed
889 1695 928 1727 et
947 1697 1036 1727 ante
1052 1690 1228 1727 Vossium
1246 1691 1308 1728 J0.
1331 1688 1584 1726 Sarisberien-

126 1756 188 1800 sis,
209 1755 452 1792 ²Vincentius
476 1755 756 1792 Bellovacensis
787 1754 883 1791 libro
903 1765 985 1791 Vll.
1017 1754 1172 1803 Speculi
1206 1754 1291 1790 hist.
1339 1752 1584 1790 Theodotius

126 1817 377 1869 Engelhusius
397 1818 433 1855 in
451 1818 645 1856 Chronico
666 1825 705 1856 et
725 1818 933 1856 Gualterus
956 1818 1142 1862 Burlaeus,
1161 1818 1237 1855 sive
1259 1823 1395 1854 auctor
1414 1816 1583 1852 incertus

125 1882 249 1932 operis
259 1881 305 1919 de
319 1882 406 1919 vitis
418 1883 750 1933 Philosophorum,
766 1882 870 1932 quod
884 1882 1000 1919 literis
1011 1881 1311 1932 Longobardicis
1329 1892 1515 1918 excusum
1526 1884 1584 1916 est

124 1947 204 1984 folii
225 1946 362 1992 forma,
378 1960 454 1984 uon
475 1947 589 1995 longe
609 1954 698 1997 post
715 1953 903 1996 repertam
925 1946 1232 1996 typographiam.
1259 1945 1336 1982 Hic
1348 1944 1477 1993 capite
1492 1952 1584 1980 CIV.

123 2011 214 2048 Julii
226 2011 330 2048 Celsi
347 2010 642 2060 historiographi
659 2011 849 2048 mentione
863 2010 979 2055 facia,
994 2023 1084 2047 cum
1098 2009 1364 2054 dixisset,eum
1380 2007 1584 2057 diligenter

124 2075 170 2111 de
194 2074 293 2111 bello
309 2075 470 2112 Caesaris
483 2075 604 2112 libros
623 2075 786 2125 quinque
806 2086 994 2119 exarasse,
1016 2074 1057 2111 in
1067 2074 1203 2125 quibus
1213 2072 1332 2109 multa
1345 2069 1582 2110 doctrinalia

124 2137 316 2175 mirabilia
335 2140 595 2183 continentur,
610 2138 796 2189 quasdam
812 2152 859 2176 ex
872 2152 918 2176 eo
933 2138 1141 2176 sententias
1157 2136 1344 2187 excerpit,
1361 2148 1450 2186 quae
1467 2134 1502 2171 in
1523 2133 1581 2171 his

126 2200 406 2238 commentariis
427 2201 618 2249 leguntur.
657 2202 732 2240 Sed
752 2202 937 2239 librorum
957 2201 1228 2240 tantummodo
1243 2200 1358 2238 trium
1373 2199 1411 2237 in
1432 2198 1488 2236 his
1509 2197 1584 2235 dis-

126 2264 261 2301 tinctio
271 2264 455 2301 occurrit:
482 2265 568 2301 libri
584 2265 742 2302 secundi
757 2264 905 2303 initium
921 2265 959 2302 in
974 2265 1139 2303 editione
1152 2264 1369 2308 Graeviaua,
1386 2268 1444 2300 est
1458 2275 1498 2312 p.
1516 2268 1580 2301 28.

123 2327 210 2366 libri
225 2327 327 2365 tertii
342 2340 382 2378 p.
393 2332 458 2371 37.
487 2327 624 2377 Neque
640 2328 688 2365 de
704 2328 803 2366 bello
819 2335 966 2366 tantum
982 2329 1145 2367 Caesaris
1162 2327 1331 2373 tradunt,
1348 2326 1414 2364 sed
1432 2326 1583 2364 univer-

167 2447 184 2475 1
216 2444 315 2477 Joan.
331 2444 458 2485 Georg.
476 2444 630 2475 Graevins
647 2444 825 2476 Commen-
879 2446 1060 2487 separatim
1099 2445 1205 2487 prelis
1250 2444 1394 2485 subjecti
1434 2448 1513 2473 sunt
1548 2442 1582 2471 in

125 2495 243 2533 tarius,
256 2493 313 2535 qui
331 2494 416 2526 Julii
433 2494 524 2525 Celsi
540 2494 641 2534 vulgo
657 2494 826 2535 dicuntur,
879 2496 1017 2537 Anglia,
1046 2496 1162 2527 addito
1193 2494 1304 2526 indice
1334 2498 1369 2524 et
1399 2491 1581 2533 praemissis

124 2556 167 2577 ex
183 2545 332 2577 editione
352 2545 521 2576 rarissima
537 2546 614 2576 anni
633 2548 725 2577 1473.
750 2547 826 2577 sub·
879 2546 1024 2577 virorum
1040 2547 1217 2577 doctorum
1234 2544 1275 2574 de
1292 2544 1350 2575 illo
1369 2541 1583 2581 testimoniis,

117 2597 206 2637 jecit
218 2606 295 2627 cum
307 2596 505 2637 quibusdam
515 2596 581 2626 suis
594 2595 824 2636 castigationi·
879 2596 1035 2627 Londini.
1052 2600 1082 2627 S.

125 2649 186 2679 bus
202 2647 342 2679 editioni
364 2646 447 2679 ,Iulii
464 2646 605 2677 Caesaris
629 2655 703 2676 cum
722 2646 822 2677 Dion.
921 2651 940 2678 2
970 2646 1058 2678 Vide
1075 2644 1270 2676 testimonia
1292 2642 1434 2676 editioni
1459 2641 1582 2676 Loudi-

123 2698 234 2729 Vossii
262 2696 607 2728 animadversionibus
643 2697 677 2727 in
713 2697 824 2727 lucem
877 2698 973 2730 nensi
989 2696 1176 2739 praemissa.

125 2748 214 2781 datae
237 2747 379 2781 Amstel.
398 2750 489 2780 1697.
513 2750 545 2779 S.
584 2747 713 2780 Eodem
737 2756 824 2778 anno
