1872 3104
614 168 653 196 c,
684 166 722 195 J.
753 163 971 193 cAESAms
1006 162 1139 191 Vl'I'A.
1492 153 1602 195 1941

151 262 194 311 τῇ
234 259 421 307 Καίσαρος
458 261 608 305 στρατιᾷ
653 260 902 303 περιέστησαν
939 256 1117 303 ἀθυμίαν.
1190 253 1324 302 Διόπερ
1359 257 1415 290 καὶ
1454 258 1602 298 κινῆσας

152 324 292 359 ἐκεῖθεν
308 325 319 345 ⁵
348 319 585 368 ὑπερέβαλλε
613 322 657 357 τὰ
677 319 908 368 Λιγγονικὰ,
927 317 1156 367 βουλόμενος
1176 318 1347 365 ἅψασθαι
1367 323 1425 360 τῆς
1445 317 1602 362 Σηκουα-

152 383 258 428 νῶι’,6
293 387 410 434 φίλων
443 383 560 420 ὅντων
594 385 652 418 καὶ
690 386 936 431 προκειμένων
975 390 1034 425 τῆς
1071 379 1230 417 Ἰταλίας
1264 380 1348 428 πρὸς
1381 383 1446 424 τὴν
1481 381 1602 423 ἄλλην

151 448 359 485 Γαλατίαν.
416 446 597 482 Ἐνταῦθα
631 444 659 481 δ’
693 447 790 495 αὐτῷ
820 451 891 482 τῶν
924 446 1114 493 πολεμίων
1143 444 1405 488 ἐπιπεσόντων,
1427 444 1485 479 καὶ
1503 456 1601 489 περι-

150 512 315 561 σχόντων
333 509 483 558 μυριάσι
504 510 697 552 πολλαῖς,7
733 509 894 557 ὁρμήσας
924 505 1235 553 διαγωνίσασθαι,
1268 511 1341 543 τοῖς
1370 507 1439 554 μὲν
1471 503 1594 541 ὅλοις8

150 576 417 621 καταπολεμῶν
436 573 623 620 ἐκράτησε,
655 572 776 622 χρόνῳ
796 572 921 620 πολλῷ
943 570 1001 605 καὶ
1021 570 1118 619 φόνῳ
1131 568 1147 589 ⁹
1181 567 1504 618 καταβιασάμενος
1523 566 1603 605 τούς

147 635 370 684 βαρβάρους·
402 634 501 679 ἔδοξε
533 634 574 671 δὲ
609 638 683 671 κατ’
716 636 833 684 ἀρχάς
864 650 897 670 τι
930 634 989 669 καὶ
1018 634 1257 682 σψαλῆναι,”Ο
1297 634 1356 668 καὶ
1376 630 1603 668 δεικνύουσιν

148 699 359 748 Ἀρουὲρνοι
375 701 402 716 ¹¹
440 697 596 749 ξιφίδιον
616 698 701 743 πρὸς
723 698 805 748 ἱερῷ
825 697 1069 746 κρεμάμενον,
1092 699 1136 732 ὡς
1155 696 1196 741 δὴ
1217 697 1405 743 Καίσαρος
1425 696 1600 744 λάφυρον.

140 760 193 800 ‘O
229 762 458 811 θεασάμενος
494 761 600 798 αὐτὸς
636 760 802 809 ὕστερον,
836 758 1041 809 ἐμειδίασε,
1078 761 1136 796 καὶ
1173 766 1243 797 τῶν
1280 761 1399 809 φίλων
1433 760 1603 796 καθελεῖν

147 826 384 870 κελευόντων,
404 827 466 861 οὐκ
486 826 625 870 ε’ίασεν,
650 824 747 873 ἱερὸν
767 823 983 875 ἡγούμενος.

663 1034 698 1075 C
712 1033 754 1075 A
768 1034 822 1075 P.
868 1035 1086 1077 XXVII.

146 1145 260 1176 Caesar
286 1144 319 1175 in
346 1144 491 1175 maximo
523 1144 676 1185 periculo
700 1149 851 1176 versatus
879 1143 1026 1175 Alesiam
1056 1143 1160 1184 capit,
1192 1143 1322 1185 ingenti
1353 1143 1518 1184 exercitu,
1544 1142 1602 1184 qui

540 1198 742 1238 oppugnatis
758 1198 883 1229 auxilio
900 1201 1054 1237 venerat,
1071 1196 1202 1238 fugato.

199 1290 256 1329 Ob
273 1294 347 1341 μὴν
366 1294 467 1329 ἀλλὰ
487 1294 567 1330 τότε
586 1300 658 1330 τῶν
678 1292 934 1344 διαφυγόντων
954 1295 987 1332 οἱ
1004 1298 1172 1332 πλεῖστοι
1182 1296 1286 1344 ’μετὰ
1302 1297 1364 1331 τοῦ
1382 1291 1569 1340 βασιλέως
1585 1292 1594 1308 “

805 1419 944 1451 NOTAE

187 1495 204 1523 5
227 1491 374 1532 Ἐκεῖθεν]
399 1491 531 1523 Abillis
544 1493 684 1524 Gallicis
698 1494 845 1534 populis,
897 1495 1020 1534 reliqui,
1049 1503 1086 1525 ne
1115 1493 1407 1524 circumvenirentur
1435 1490 1543 1532 veriti,
1569 1500 1600 1523 se

144 1543 178 1574 in
196 1553 335 1585 quorum
360 1543 589 1575 debellatione
605 1550 760 1575 versatus
787 1545 845 1575 ad·
890 1544 982 1584 sugoe
998 1546 1156 1575 mandant.

144 1594 209 1624 huc
239 1593 360 1624 fuerat.
420 1593 567 1625 Arverni
595 1599 676 1635 puta
702 1600 738 1626 et
765 1595 844 1627 Car-

145 1647 255 1674 nutes.
295 1643 427 1673 Reiske.

187 1695 207 1723 6
230 1692 422 1731 Σηκουανῶν]
454 1692 509 1724 Sic
525 1698 618 1725 recte
635 1694 673 1725 C.
691 1694 733 1726 V.
766 1695 846 1726 Vul-

147 1752 188 1783 go
204 1745 270 1774 Σικ,

187 1797 205 1824 7
231 1793 360 1834 Μυριάσι
384 1793 532 1833 πολλαῖς]
578 1794 742 1835 Equitatu
775 1797 846 1824 tan-

145 1849 229 1884 tum,
255 1845 352 1885 cujus
382 1845 415 1874 iu
440 1849 507 1874 tres
534 1848 648 1884 partes
672 1843 847 1874 distributi

145 1894 221 1926 duae
251 1904 286 1925 se
317 1895 404 1926 acies
445 1895 486 1925 ab
517 1895 645 1925 duobus
683 1895 847 1926 lateribus

143 1944 402 1985 (Romanorum)
415 1945 655 1983 ostendebant,
670 1954 736 1975 una
751 1954 769 1974 a
784 1945 848 1984 pri-

145 2003 200 2024 mo
239 1995 371 2035 agmine
409 1994 475 2025 iter
518 1994 683 2035 impedire
731 1993 847 2034 coepit.

146 2044 233 2075 Caes.
247 2053 312 2075 vu.
330 2047 382 2076 67.

189 2096 208 2123 8
229 2095 298 2124 Τοῖς
309 2092 366 2131 μὲν
376 2093 474 2134 ὅλοις]
497 2094 552 2125 Sic
569 2093 695 2125 Reiske
711 2103 753 2125 ex
769 2103 846 2125 con-

140 2143 292 2183 jectura.
357 2143 493 2183 Vulgo:
539 2145 603 2174 τοῖς
638 2142 695 2181 μὲν
731 2143 846 2174 ἄλλοις.

145 2192 246 2226 Quod
269 2202 346 2223 cum
371 2202 489 2232 parum
515 2193 735 2233 intelligatur,
757 2194 848 2225 Sola·

145 2253 207 2274 nus
224 2243 352 2283 aliquot
367 2242 472 2274 verba
487 2243 653 2274 excidisse
665 2244 846 2282 censebat3

147 2292 236 2333 quod
249 2293 328 2323 mihi
341 2302 475 2333 quoque
488 2292 770 2324 verosimillimum
784 2298 846 2325 est.

144 2342 285 2373 Minime
302 2343 410 2382 probo
434 2343 587 2374 Dacie1·ii
614 2344 845 2384 conjecturam

144 2393 379 2424 violentiorem
395 2395 459 2424 τοῖς
470 2395 642 2434 Γερμανοῖς,
659 2404 759 2435 quam
775 2395 846 2426 Cae-

143 2442 226 2473 saris
242 2442 317 2472 loco
334 2442 356 2472 l.
373 2442 540 2474 defendit.

187 2495 207 2523 9
231 2491 289 2522 Καὶ
305 2491 402 2532 φόνῳ]
433 2493 489 2524 Sic
503 2493 626 2525 iterum
643 2495 684 2525 R.
700 2504 743 2525 ex
758 2495 845 2535 conj.

144 2542 291 2582 Vulgata
306 2541 393 2581 φόβῳ
420 2552 463 2573 ex
478 2543 614 2574 Caesare
630 2543 769 2574 defendi
787 2553 845 2584 μο-

145 2596 231 2622 test:
254 2593 378 2622 tandem
397 2592 690 2623 Germani—hostes
705 2593 766 2623 loco
780 2594 843 2632 pel-

145 2644 224 2682 lunt,
248 2641 685 2682 fugientes—persequuntur,
714 2643 844 2682 complu-

144 2700 248 2732 resque
261 2691 465 2734 interficiant.
499 2692 569 2727 Qua
584 2701 618 2723 re
631 2691 845 2723 animadversa

943 1598 982 1626 10
1005 1594 1181 1634 Σφαλῆναι]
1227 1593 1306 1624 Huc
1323 1592 1492 1633 pertinere
1508 1591 1601 1623 vide·

899 1649 966 1682 tur,
982 1645 1071 1685 quod
1087 1644 1225 1675 Servius
1243 1643 1285 1673 de
1300 1643 1433 1674 Caesare
1448 1642 1490 1672 ab
1506 1642 1601 1672 hoste

902 1694 1003 1725 Gallo
1034 1698 1135 1734 capto
1165 1696 1405 1724 commemorat
1435 1691 1477 1721 ad
1503 1692 1601 1732 Virg.

901 1744 976 1776 AEn.
989 1753 1039 1775 XI.
1052 1747 1126 1775 743.
1138 1743 1230 1783 cujus
1243 1743 1314 1782 ipsa
1329 1741 1433 1772 verba
1446 1740 1601 1772 ascribo:

904 1795 940 1825 C.
952 1794 1021 1824 Jal.
1039 1794 1155 1831 Caemr,
1171 1802 1239 1822 cum
1254 1791 1414 1822 dimicaret
1430 1791 1464 1821 in
1481 1791 1601 1830 Gallia,

901 1847 931 1874 et
947 1843 983 1873 ab
1009 1843 1093 1873 hoste
1115 1845 1222 1882 raptus
1245 1851 1317 1881 equo
1341 1840 1404 1878 eJ'as
1421 1843 1603 1880 portaretur

900 1898 1048 1932 armatus,
1072 1892 1207 1923 occurrit
1234 1892 1358 1931 quidam
1388 1892 1425 1921 de
1454 1890 1602 1931 hostibus,

901 1944 954 1983 qui
970 1953 1036 1973 eum
1053 1945 1163 1980 nosset,
1179 1944 1209 1971 et
1226 1941 1375 1970 insultans
1397 1940 1461 1970 ait:
1500 1939 1602 1979 cecos,

904 1993 1029 2023 Coesar:
1061 1993 1138 2032 quod
1156 1991 1316 2021 Gallorum
1333 1990 1450 2031 lingua,
1464 1990 1602 2029 dimitte,

900 2043 1068 2084 significat.
1116 2043 1161 2073 Et
1175 2042 1221 2072 ita
1235 2042 1430 2081 factumest,
1445 2044 1479 2071 ut
1494 2040 1602 2072 dimit-

900 2096 1028 2124 teretur.
1074 2092 1146 2123 Hoc
1171 2094 1273 2122 autem
1298 2091 1362 2131 ipse
1390 2091 1496 2121 Coesar
1510 2090 1541 2121 in
1558 2091 1602 2121 E-

898 2143 1074 2184 phemeride
1095 2152 1149 2173 sua
1172 2142 1261 2182 dicit,
1275 2140 1329 2172 ubi
1350 2140 1509 2181 propriam
1523 2149 1601 2171 com-

899 2196 1047 2225 memorat
1061 2192 1261 2231 felicitatem.

944 2247 982 2275 ll
1005 2241 1187 2284 Ἀρουέρνοι]
1227 2241 1282 2272 Sic
1300 2240 1383 2272 Cod.
1400 2240 1512 2272 Anon.
1528 2249 1600 2271 rec-

901 2294 966 2325 tius
1004 2303 1102 2334 quam
1135 2293 1272 2332 vulgata
1298 2289 1488 2331 Ἀρουβηνοὶ,
1525 2299 1600 2330 quae

899 2344 1021 2375 saltem
1044 2343 1078 2374 in
1098 2341 1252 2382 Ἀρβέννοι
1276 2341 1331 2383 (ut
1345 2351 1421 2382 cap.
1435 2340 1505 2381 25.)
1531 2349 1602 2371 mu-

901 2393 1005 2425 tanda
1030 2398 1130 2424 esset.
1178 2393 1296 2423 Solent
1324 2391 1438 2422 Graeci
1463 2391 1600 2421 literam

899 2454 959 2475 vau
984 2443 1083 2474 modo
1110 2441 1308 2473 consonanti
1335 2443 1358 2475 β
1384 2439 1481 2470 modo
1505 2438 1601 2478 diph-

899 2493 1024 2533 thongo
1040 2504 1075 2522 ου
1090 2491 1249 2522 scribere.
1287 2490 1415 2521 Nostro
1429 2490 1505 2520 loco
1520 2487 1601 2519 scri-

900 2542 1011 2573 bentis
1027 2542 1110 2573 vitio
1125 2546 1270 2582 uterque
1286 2539 1456 2571 scribendi
1480 2537 1599 2569 modus

899 2592 1100 2632 conjunctus
1117 2595 1180 2622 est.

943 2693 958 2721 1
996 2690 1056 2722 Τοῦ
1087 2687 1257 2729 βασιλέως]
1300 2686 1598 2729 Vercingetorigis.
