1872 3104
257 184 370 226 2014
731 195 932 226 Josnpm
967 195 1228 226 SCALIGBRI

255 302 340 330 non
369 289 507 330 solnm
537 288 786 344 Aquitaniae
818 292 894 332 sed
923 293 1053 333 etiam
1085 292 1217 332 totius
1249 290 1408 332 Gallim
1445 292 1708 334 fluminibus.

315 356 524 400 Gebeuna.
586 359 873 400 Scribendum
914 360 1116 400 Cebenna
1146 373 1223 412 per
1252 358 1303 400 C.
1358 358 1437 398 Les
1472 358 1645 400 Cebencs
1675 367 1710 400 et

260 424 446 466 Ceveues.

315 491 532 532 Cenabum
554 493 631 545 qui
658 499 815 545 negant
836 493 1215 534 Aurelianensium
1238 494 1388 534 urbem
1420 507 1531 543 esse,
1554 495 1713 535 habent

253 561 457 613 opposita
488 571 636 599 omncs
658 561 745 600 veri
781 562 963 612 vestigia
992 561 1111 614 apud
1133 560 1354 601 C-aesarcm
1382 564 1425 601 et
1457 562 1594 602 multa
1623 560 1710 601 alia

257 629 520 677 argumenta.
581 625 698 666 Nam
719 639 808 678 quo
837 628 1007 667 nominc
1032 627 1216 667 vocandi
1248 631 1358 677 sunt,
1382 629 1456 680 qui
1481 625 1587 666 Gien
1618 639 1714 667 esse

258 693 444 745 putant?

316 758 497 800 Genew.
544 760 695 801 Media
716 761 873 813 corripi
894 761 1034 809 debet,
1057 765 1106 801 ut
1132 762 1174 800 in
1196 761 1356 801 Elusa:
1388 762 1505 814 quod
1527 775 1607 802 non
1643 774 1715 802 so-

253 826 346 867 lum
369 826 626 868 Helveticus
658 827 986 868 Germanismus
1008 827 1211 876 ostendit,
1233 829 1307 880 qui
1333 826 1619 880 Genffvocat,
1638 829 1715 868 sed

255 894 387 934 etiam
415 893 499 946 ipsi
527 894 674 934 rustici
698 894 1000 942 suburbicarii,
1034 897 1076 934 et
1104 893 1258 946 reliqui
1287 893 1503 935 Sabaudi:
1535 895 1610 947 qui
1634 894 1715 934 Ze-

255 972 408 1000 nevam
447 964 629 1001 accentu
669 961 711 1000 in
750 962 889 1013 prima
920 962 1161 1001 enunciant.
1223 961 1308 1001 Sed
1355 960 1581 1001 Gallorum
1612 974 1715 1014 pro-

257 1028 401 1080 prium
433 1032 500 1068 cst
528 1027 714 1067 mediam
744 1032 990 1080 correptam
1026 1027 1287 1080 producere:
1318 1026 1717 1082 publique,facile:

258 1106 357 1146 quae
381 1093 536 1134 Latine
559 1095 802 1147 corripitur.

319 1158 544 1215 Gergovia.
595 1160 838 1213 Supersunt
859 1160 1063 1212 quaedam
1083 1162 1267 1214 vestigia
1290 1175 1387 1202 cum
1407 1163 1537 1202 veteri
1558 1162 1689 1216 appel

256 1227 414 1267 latione
435 1227 603 1280 aliquot
622 1227 777 1267 stadiis
799 1228 854 1267 ab
874 1228 981 1267 urbe
1004 1227 1346 1268 claromontensi
1368 1228 1677 1270 Arvernorum.

325 1290 482 1333 Helvii.
535 1293 744 1333 Diximus
789 1306 922 1346 supra
959 1307 1056 1334 esse
1091 1292 1124 1333 le
1160 1308 1263 1348 pays
1297 1294 1344 1334 cle
1388 1292 1602 1334 Vivarais:
1648 1295 1724 1336 ubi

257 1359 378 1401 Alba
417 1360 675 1401 Helviorum
717 1361 809 1400 sine
849 1360 982 1400 dubio
1017 1359 1227 1411 Aubenas,
1264 1362 1309 1402 id
1347 1366 1425 1410 est,
1462 1361 1720 1404 Albanates.

260 1428 414 1470 Caesar
444 1431 560 1468 trans
584 1427 816 1468 Rodanum
851 1427 955 1468 dicit
986 1441 1096 1477 esse,
1119 1433 1161 1468 et
1193 1434 1317 1470 extra
1341 1430 1608 1482 provinciam
1629 1428 1720 1470 Ro-

260 1508 450 1545 manam,
474 1495 701 1547 proximos
722 1493 941 1544 Alvernis,
961 1499 1002 1535 et
1023 1495 1237 1536 Cebennis
1257 1497 1493 1537 montibus.

319 1560 441 1601 [cius.
492 1561 572 1601 Est
611 1563 951 1614 promontorium
988 1576 1123 1615 prope
1167 1563 1409 1603 Bononiam
1450 1564 1720 1604 maritimam.

260 1627 435 1668 Navale
452 1634 596 1670 autem
618 1629 774 1669 dicitur
788 1628 1077 1670 Gesseriacus
1094 1644 1102 1670 :
1138 1635 1179 1671 et
1200 1630 1395 1678 delirant,
1417 1631 1491 1682 qui
1512 1629 1629 1670 aliud
1645 1642 1722 1670 vo-

260 1694 350 1734 lunt
369 1707 466 1735 esse
497 1707 524 1735 a
543 1695 690 1735 navali
711 1694 990 1736 Bononiensi.
1051 1695 1168 1736 Nam
1188 1695 1323 1735 inulta
1343 1695 1553 1736 adversus
1573 1706 1722 1737 eorum

261 1761 542 1813 pertinaciam
571 1761 705 1814 objici
737 1766 936 1814 possunt.
999 1761 1059 1801 At
1091 1763 1163 1815 qui
1195 1762 1338 1802 Icium
1368 1763 1576 1814 oppidum
1606 1759 1726 1802 Cales

262 1839 360 1866 esse
381 1830 550 1879 putant,
571 1827 687 1866 nullo
709 1827 884 1879 negotio
907 1828 1154 1868 refelluntur
1169 1842 1195 1868 a
1213 1828 1453 1868 Ptolemaeo
1473 1842 1482 1878 ;
1515 1829 1589 1881 qui
1607 1829 1726 1882 prius

261 1894 381 1946 ponit
402 1892 560 1942 Iciuni,
579 1892 733 1933 deinde
755 1892 1090 1946 Gessoriaciun3
1120 1895 1203 1936 hoc
1219 1899 1285 1935 est
1307 1895 1350 1935 N
1354 1896 1479 1936 avale
1496 1895 1722 1945 Bononiae,

260 1972 286 1999 a
313 1971 400 2012 quo
429 1959 640 2011 oppidum
664 1957 782 1998 Cales
813 1960 949 2000 distat
967 1960 1200 2012 plusquam
1229 1962 1381 2013 viginti
1410 1962 1600 2002 millibus
1623 1974 1724 2015 pas-

263 2039 415 2067 suum:
446 2026 530 2066 hoc
552 2028 632 2074 est,
655 2025 796 2066 leucis
819 2025 1010 2078 Belgicis
1031 2031 1211 2079 septem.

323 2090 568 2132 Lemovices.
624 2089 686 2131 Le
721 2106 821 2145 pays
864 2099 903 2133 et
933 2091 1237 2133 Seuesclzaassee
1268 2093 1314 2134 de
1351 2093 1548 2135 Limosiu.
1611 2095 1728 2137 Urbs

264 2172 413 2200 eorum
447 2158 710 2199 Ratiastum.
775 2161 862 2201 Sed
903 2159 1222 2201 Commentario
1263 2165 1435 2211 octavo,
1482 2164 1555 2204 ubi
1598 2163 1726 2217 vulgo

266 2224 430 2265 editum
460 2230 542 2275 cst,
582 2229 593 2245 ‘
611 2226 668 2267 ad
690 2227 905 2280 oppidum
927 2224 1185 2267 Lemovicum
1216 2229 1471 2279 contendit;⁵
1501 2230 1725 2282 legendum

269 2287 518 2331 Lemonum:
559 2293 681 2346 cujus
718 2294 872 2347 oppidi
901 2294 1062 2334 mentio
1102 2295 1143 2334 in
1175 2294 1398 2336 Itinerario
1432 2295 1653 2348 Antonini,
1686 2301 1728 2338 ct

269 2357 387 2410 apud
411 2357 713 2400 Ptolemaeum.

325 2421 506 2479 Ligeris.
561 2425 669 2479 Ejus
690 2432 819 2480 capnt
839 2431 901 2467 est
926 2428 968 2468 in
989 2441 1102 2482 pago
1122 2428 1335 2479 Velauno,
1358 2434 1399 2470 et
1418 2430 1546 2482 vulgo
1576 2430 1728 2471 dicitur

268 2487 310 2529 la
333 2488 437 2531 Fout
469 2490 517 2531 de
541 2490 672 2543 Leire,
693 2495 773 2535 hoc
805 2500 870 2535 est
894 2495 990 2536 fons
1020 2495 1198 2548 Ligeris.
1259 2496 1440 2550 Excipit
1470 2497 1659 2548 ingentes
1687 2500 1730 2537 et

268 2558 539 2611 navigiorum
556 2561 768 2613 patientes
786 2562 1036 2602 ssuviosnon
1054 2576 1241 2615 paucos:
1265 2563 1309 2603 in
1323 2563 1483 2616 quibus
1497 2561 1726 2612 Elaverim‚

268 2625 476 2665 aemulum
528 2626 630 2679 ipsi,
682 2641 821 2682 neque
866 2629 1160 2681 magnitudine
1209 2630 1444 2677 cedentem,
1496 2631 1539 2667 et
1588 2628 1728 2681 magis

268 2689 576 2745 pisculentum;
617 2694 793 2746 Carum,
833 2697 903 2739 vel
928 2696 1096 2748 Carem,
1137 2704 1184 2739 ut
1208 2698 1335 2738 habet
1366 2695 1726 2737 Fortunatianus:
