1872 3104
591 194 632 223 c.
662 193 699 223 s.
732 189 951 222 cAEsAms
986 190 1121 221 νιτΛ.
1464 181 1576 224 1921

121 290 288 338 γεγονὼς
306 289 515 337 ἀντινομίᾳ,
542 285 602 322 καὶ
626 283 714 333 πρὸς
747 285 859 321 αὑτὰς
891 285 954 320 τὰς
988 283 1161 320 ὑπατικὰς
1185 284 1389 332 ἀφιγμένος
1407 285 1580 336 ιἰρχαφε-

122 357 218 398 σίας,
239 352 383 402 ἔπεμψε
402 350 487 397 πρὸς
507 351 573 394 τὴν
593 351 816 396 σύγκλητον,
838 349 1053 397 αἰτούμενος
1073 349 1169 398 αὐτῷ
1191 344 1345 391 δοθῆναι
1360 353 1581 396 παραγγέλ-

120 420 203 455 λειν
236 419 285 453 εἰς
315 416 496 451 ὑπατείαν
532 414 667 449 ἀπόντι
701 411 762 448 διὰ
795 418 866 449 τῶν
892 413 1025 462 φίλων.
1081 410 1254 447 Κάτωνος
1285 408 1325 446 δὲ
1353 414 1582 461 πρῶτονμὲν

119 481 405 532 ἱσχυριέομένου
425 480 472 527 τῷ
494 479 590 527 νόμῳ
611 476 697 523 πρὸς
716 478 782 520 τὴν
800 477 981 522 ἀξίωσιν,Ι
1006 472 1087 511 εἶτα
1108 477 1154 512 ὡς
1181 475 1275 522 ἑώρα
1300 473 1461 512 πολλοῦς
1480 478 1581 514 τεθε-

116 546 366 594 ραπευμένους
384 541 453 578 ὑπὸ
474 546 536 578 τοῦ
555 540 758 589 Καίσαρος,
779 541 1036 589 ἐκκρούσαντος
1056 543 1104 590 τῷ
1124 541 1245 590 χρόνῳ
1266 540 1306 577 τὸ
1327 545 1498 590 πρᾶγμα,
1520 543 1580 578 καὶ

117 611 184 654 τὴν
215 609 356 657 ἡμέραν
387 606 429 642 ἐν
461 608 509 656 τῷ
530 608 663 652 λέγειν
693 604 998 654 κατατρίψαντος,
1031 605 1130 652 ἔγνω
1150 605 1214 642 τὸν
1233 603 1420 654 θρίαμβον
1439 606 1542 654 ἀφεὶς
1561 605 1581 642 ὁ

117 671 267 720 Καῖσαρ
287 672 442 722 ἔχεσθαι
461 676 521 714 τῆς
539 670 730 708 ὑπατείας·
761 672 819 707 καὶ
839 672 1048 719 παρελθὼν,
1069 668 1169 707 εὐθὺς
1190 667 1385 706 ὑποδύεται
1405 671 1578 718 πολίτευ-

114 739 169 786 μά
187 751 221 773 τι
241 736 383 772 πάντας
403 736 613 782 ἀνθρώπους
641 735 894 780 ἐξαπατῆσαν,
918 736 1016 778 πλὴν
1038 733 1244 771 Κάτωνοςῖ·
1288 727 1368 769 ῒΗν
1400 731 1440 769 δὲ
1473 737 1578 771 τοῦτο

115 798 305 847 διαλλαγὴ
325 798 524 847 Πομπηΐου
544 801 603 835 καὶ
624 798 813 847 Κράσσου,
840 804 913 835 τῶν
934 801 1114 847 μέγιστον
1143 797 1185 832 έν
1212 799 1256 847 τῇ
1285 797 1393 832 πόλει
1422 795 1582 846 δυναμέ-

116 875 204 901 νων·
225 864 284 902 offis
305 866 536 911 συναγαγὼν
556 864 574 899 ὁ
595 863 747 911 Καῖσαρ
768 864 818 899 εἰς
836 864 968 911 φιλίαν
987 863 1026 897 ἑκ
1046 858 1232 910 διαφορᾶς,
1260 861 1318 895 καὶ
1348 862 1413 904 τὴν
1436 861 1493 896 ὑπ’
1513 862 1582 910 (ἰμ-

114 927 226 978 φοῖν3
261 931 579 977 συνενεγκάμενος
613 924 725 976 ἶσχύν
757 927 808 962 εἷς
840 924 985 969 ἑαυτὸν,
1022 925 1131 974 ἔργῳ,
1163 923 1428 974 φιλάνθρωπον
1452 926 1580 975 ἔχοντι

115 995 382 1040 προσηγορίαν,
404 992 518 1027 ἔλαθε
537 993 772 1039 μεταστήσας
792 991 858 1033 τὴν
878 990 1087 1026 πολιτείαν.
1142 987 1199 1025 Oi)
1218 989 1304 1037 γὰρ,
1327 990 1372 1025 ὡς
1399 988 1433 1024 οἱ
1449 991 1582 1025 πλεῖσ-

115 1071 170 1093 τοι
203 1056 437 1106 νομίξουσιν,
471 1056 491 1098 ἡ
525 1054 716 1101 Καίσαρος
749 1055 807 1090 καὶ
838 1052 1040 1101 Πομπηΐου
1072 1051 1229 1104 διαφορὰ
1266 1053 1346 1090 τοὺς
1384 1053 1584 1103 ἐμφυλίους

114 1121 369 1170 ἀπειργάσατο
387 1122 583 1167 πολέμους,
618 1119 720 1156 ἀλλὰ
750 1120 902 1168 μᾶλλον
933 1120 952 1163 ἡ
986 1117 1126 1169 oddus*
1146 1118 1360 1155 συστάντων
1380 1119 1441 1154 ἐπὶ
1470 1134 1581 1155 κατα-

113 1184 220 1222 λύσει
239 1190 299 1228 τῆς
317 1185 597 1231 ἀριστοκρατίας
616 1181 656 1219 τὸ
676 1188 830 1230 πρῶτον,
863 1179 944 1218 εἶτα
965 1183 1058 1219 οὕτω
1086 1184 1144 1219 καὶ
1176 1182 1262 1231 πρὸς
1288 1183 1476 1225 ἀλλήλους
1503 1181 1583 1219 δια·

119 1249 297 1286 στάντων.
354 1248 505 1284 Κάτωνι
540 1245 594 1291 δὲ,
627 1247 806 1283 πολλάκις
833 1249 877 1283 τὰ
909 1248 1099 1296 μέλλοντα
1131 1247 1431 1295 προθεσπίὲοντι,
1453 1253 1582 1295 περιῆν

117 1311 296 1350 δυσκόλου
313 1313 384 1361 μὲν
403 1314 594 1359 ἀνθρώπου
615 1311 696 1347 τότε
718 1311 777 1346 καὶ
796 1311 1120 1359 πολυπράγμονος,
1153 1312 1303 1358 ὕστερον
1333 1308 1373 1347 δὲ
1403 1314 1580 1361 φρονίμου

116 1377 200 1427 μὲν,
222 1378 286 1414 οὑκ
305 1378 480 1426 εὐτυχοῦς
499 1373 553 1419 δὲ,
577 1371 791 1423 συμβούλου
811 1371 950 1420 λαβεῖν
972 1371 1093 1419 δόξαν.

672 1501 708 1543 C
722 1500 765 1542 A
782 1500 833 1542 Ρ.
877 1501 1017 1542 XIV.

115 1591 301 1633 Utriusque
319 1591 528 1623 auctoritate
555 1595 590 1622 et
614 1591 647 1622 in
665 1591 888 1622 Consulatum
905 1595 1091 1631 provectus
1114 1590 1182 1631 (59.
1206 1601 1234 1622 a.
1261 1590 1341 1623 Chr.
1359 1589 1406 1630 n.)
1421 1596 1457 1622 et
1481 1591 1579 1622 nixus

159 1646 249 1686 leges
276 1644 344 1675 fert
371 1645 462 1684 plebi
487 1644 670 1685 jucundas,
698 1650 819 1675 senatu
845 1644 1047 1683 obnitente3
1074 1645 1201 1676 Juliam
1228 1643 1331 1675 filiam
1358 1654 1496 1676 uxorem
1521 1646 1581 1676 dat

159 1698 344 1738 Pompei03
368 1698 441 1738 ipse
457 1698 688 1738 Calpurniam,
704 1698 839 1729 Pisonis
853 1698 892 1738 f.‚
907 1699 1024 1736 ducit3
1043 1699 1190 1730 Galliam
1207 1699 1405 1739 cisalpinam
1422 1704 1457 1730 et
1472 1705 1582 1731 trans-

158 1751 224 1792 alp.
248 1760 323 1783 cum
350 1751 488 1791 Illyrico
505 1751 539 1782 iu
556 1751 704 1792 quinque
730 1762 832 1783 annos
859 1752 1068 1793 provinciam
1095 1753 1236 1793 accipit,
1262 1753 1430 1784 Catonem
1458 1761 1581 1794 repug-

157 1809 293 1836 nantem
310 1805 342 1835 in
357 1814 528 1835 carcerem
546 1805 698 1845 abducit,
722 1806 870 1847 reliquos
900 1811 1076 1836 senatores
1102 1810 1225 1844 terret,
1241 1812 1277 1836 et
1295 1805 1449 1837 Clodium
1474 1806 1582 1837 tribu-

157 1868 237 1889 num
254 1858 362 1899 plebis
378 1857 449 1889 fieri
467 1859 610 1899 patitur,
626 1859 785 1890 Ciceroni
799 1859 955 1890 infestus.

167 1931 225 1971 Οὺ
244 1935 318 1983 μὴν
337 1935 422 1970 ἀλλ’
452 1935 470 1971 ὀ
498 1934 648 1983 Καῖσαρ
678 1935 719 1972 ἐν
735 1938 838 1984 μέσῳ
869 1941 928 1978 τῆς
959 1934 1136 1984 Κράσσου
1156 1935 1213 1971 καὶ
1234 1933 1436 1983 Πομπηΐου
1455 1937 1580 1985 φιλίας

775 2030 916 2062 NOTAE

159 2096 175 2124 l
201 2091 280 2133 Πρὸς
290 2093 348 2130 τὴν
362 2094 424 2134 ἆξ.]
441 2095 570 2126 Contra
585 2095 728 2127 Caesaris
744 2105 819 2135 pos-

116 2143 275 2183 tulatum,
292 2145 332 2174 ad
350 2145 384 2174 id
400 2146 676 2187 oppugnandum.
721 2146 762 2177 In
777 2146 820 2176 si-

115 2193 186 2223 mili
208 2203 244 2224 re
271 2193 404 2225 obstitit
421 2196 506 2227 Cato
524 2196 626 2227 etiam
642 2197 819 2238 Pompeio.

115 2242 170 2276 Cf.
186 2244 280 2275 Plut.
299 2245 420 2286 Pomp.
435 2249 488 2277 44.

157 2297 178 2325 2
201 2294 290 2332 Πλὴν
299 2295 457 2337 Κάτωνος]
481 2297 548 2330 Qui
567 2299 705 2329 Romam
721 2298 820 2329 liber-

116 2348 220 2376 tatem
237 2347 426 2386 perdidisse
442 2348 567 2387 aiebat,
589 2359 651 2380 nec
668 2355 818 2380 metuen-

116 2396 194 2427 dam
209 2405 285 2427 esse
299 2407 452 2437 agrorum
469 2399 680 2436 divisionem,
695 2400 739 2431 de
752 2410 817 2441 qua

116 2456 195 2477 mox
206 2446 351 2485 dicetur,
374 2448 446 2478 ἀλλ’
461 2449 497 2479 ὃν
511 2449 580 2480 ἀντὶ
592 2449 708 2487 ταύτης
731 2450 821 2481 ἄπαι-

116 2495 246 2534 τήσουσι
267 2498 375 2535 μισθὸν
391 2500 420 2529 οἱ
433 2500 630 2540 χαριζόμενοι
646 2501 696 2532 καὶ
715 2501 822 2533 δελεά-

116 2546 224 2587 ζοντες
247 2547 285 2578 τὸ
313 2551 440 2585 πλῆθος.
481 2550 575 2582 Plut.
593 2553 678 2583 Cato
707 2553 820 2583 Minor

115 2609 146 2630 c.
172 2601 224 2630 31.
266 2599 427 2630 Ceterum
455 2611 473 2631 a
499 2606 612 2632 nostro
636 2603 818 2632 Suetonius

115 2648 186 2681 ³111.
203 2659 234 2680 c.
252 2652 304 2679 19.
322 2650 531 2690 aliquantum
548 2650 632 2690 abit,
649 2652 818 2682 Caesarem

115 2707 183 2729 non
197 2700 326 2738 statim,
341 2710 417 2730 cum
435 2702 551 2731 urbem
570 2703 743 2740 intrasset,
759 2701 818 2732 sed

117 2753 294 2790 postquam
312 2750 436 2780 Consul
453 2751 662 2792 designatus,
679 2752 819 2793 optima-

204 2802 321 2843 Delph.
336 2806 365 2834 et
388 2803 462 2834 Var.
482 2805 566 2835 Clas.

805 2806 886 2837 Coes.

873 2100 1014 2136 tumque
1029 2095 1064 2126 iu
1082 2105 1117 2126 se
1141 2094 1428 2135 conspirationem
1448 2095 1580 2136 conspi-

873 2152 971 2178 catus
1002 2151 1087 2185 erat‚
1118 2145 1272 2177 omuibus
1314 2144 1435 2177 officiis
1479 2146 1581 2177 Pom-

874 2198 985 2238 peium
1015 2201 1221 2228 assectatum
1253 2205 1336 2233 esse,
1360 2196 1459 2237 eique
1485 2197 1582 2228 Cras-

875 2258 947 2279 sum
964 2249 1213 2287 reconciliasse,
1230 2258 1268 2278 ac
1285 2247 1485 2278 societatem
1503 2257 1580 2279 cum

876 2304 1021 2339 utroque
1048 2299 1174 2338 iniisse,
1189 2308 1231 2329 ne
1255 2298 1335 2338 quid
1359 2303 1519 2337 ageretur
1546 2298 1580 2329 iu

874 2349 1051 2389 republica
1089 2349 1180 2390 quod
1211 2348 1441 2389 displicuisset
1472 2348 1532 2379 ulli
1562 2357 1580 2380 e

875 2399 994 2430 tribus.

918 2454 937 2481 3
959 2450 1022 2487 Τὴν
1037 2449 1088 2480 ὑπ’
1103 2450 1197 2490 ἀμφ.]
1222 2450 1350 2481 Reiske
1372 2450 1501 2480 mavult
1523 2448 1581 2486 τὴν

875 2501 926 2531 ὁπ’
944 2501 1066 2539 ἀμφοῖν.

919 2554 939 2581 4
961 2551 1063 2581 Ἀλλὰ
1084 2563 1118 2588 μ..
1143 2550 1162 2587 ἡ
1183 2549 1286 2590 φιλία]
1310 2551 1352 2580 Et
1370 2550 1431 2579 lioc
1447 2548 1579 2581 dictum

873 2607 925 2631 est
949 2602 1089 2632 Catonis
1110 2601 1219 2639 (Plut.
1243 2601 1363 2639 Pomp.
1381 2610 1410 2629 c.
1429 2598 1521 2639 470:
1544 2599 1580 2629 οὐ

871 2651 930 2687 τὴν
945 2650 1069 2684 στάσιν,
1095 2649 1164 2680 οὐδὲ
1191 2650 1250 2686 τὴν
1271 2648 1397 2690 ἔχθραν,
1413 2649 1500 2680 ἀλλὰ
1521 2649 1580 2687 τὴν

872 2700 1024 2731 σύστασιν
1045 2700 1096 2731 καὶ
1118 2700 1178 2737 τὴν
1199 2699 1341 2737 ὁμόνοιαν
1355 2700 1456 2730 αὐτῶν
1468 2702 1510 2741 τῇ
1525 2699 1580 2731 πό-

873 2757 922 2783 λει
937 2753 1059 2793 πρῶτον
1070 2751 1166 2783 κακὸν
1179 2749 1325 2791 γενέσθαι
1338 2751 1390 2783 καὶ
1404 2750 1567 2791 μέγιστον.

1421 2808 1443 2837 6
1466 2807 1493 2837 F
