1872 3104
613 178 654 206 c,
685 176 722 205 J.
755 173 971 203 cAESAms
1007 174 1137 203 vi'rA.
1489 167 1601 207 1945

155 272 448 320 Α,ατψρωῐιιὲνους,
465 270 668 319 ἀφῃροῦντο
685 272 743 308 τῆς
761 269 961 302 πολιτείας·
995 267 1051 301 καὶ
1072 265 1289 312 Ἀῐαρκελλος
1310 266 1512 311 ὐπατεύων,
1532 271 1599 306 ἕνα

154 340 226 370 τῶν
245 335 319 369 ἐκεῖ
335 331 557 378 βουλευτῶν,
580 331 630 365 εἰς
647 330 790 377 Ῥώμην
818 331 1052 378 ἀφικόμενον,
1075 330 1198 380 ᾔκιστο
1216 327 1376 377 ῥάβδοις,
1399 331 1598 375 ἐπιλέγων,

155 400 199 432 ὡς
232 400 342 433 ταῦτα
376 401 438 429 τοῦ
474 395 522 439 μὴ
558 393 744 441 Ῥωμαῖον
777 391 873 428 εἶναι
907 394 1106 439 παράσημα
1140 395 1376 440 προστίθησιν
1411 396 1519 443 αὐτῷ,
1542 396 1600 430 καὶ

932 456 1040 492 Meri:
1075 455 1114 492 δὲ
1147 456 1400 504 λ’Ῑάρκελλον,3
1424 456 1487 502 ἤδη
1509 458 1601 493 Καί-

1348 522 1365 542 4

153 458 328 496 δεικνύειν
347 458 502 493 ἀπιόντα
525 457 690 505 Καίσαρι
713 457 874 492 ἐκέλευε.

154 537 260 571 σαρος
278 521 340 557 τὸν
362 520 569 557 Γαλατικὸν
604 524 762 556 πλοῦτον
795 523 971 568 ἀρύεσθαι
1003 519 1120 570 ῥύδην
1151 522 1336 569 ἀφεικότος
1402 526 1494 557 πᾶσι
1527 526 1601 557 τοῖς

152 586 456 632 πολιτευομένοις,
487 586 545 619 καὶ
575 584 794 630 Κουρίωνας
829 584 898 632 μὲν
928 582 1191 634 δημαρχοῦντα
1222 588 1372 620 πολλῶν
1405 586 1600 632 ἐλευθερώ-

152 662 280 683 σαντος
302 646 469 689 δανείων,
491 646 631 697 Παύλιρ
654 645 707 691 δὲ,
730 648 850 697 ὑπάτῳ
871 647 960 691 ὄντι,
982 651 1091 698 χίλια
1112 650 1169 684 καὶ
1188 650 1411 685 πεντακόσια
1433 650 1601 685 τάλαντα

149 708 283 754 δόντος,
317 712 376 760 ἀφ’
407 708 459 746 ὦν
491 712 549 746 καὶ
582 713 648 754 τὴν
680 709 883 756 βασιλικὴν
921 711 1068 754 ἐκεῖνος,
1101 711 1308 760 ὀνομαστὸν
1342 713 1528 760 ἀνάθημα,
1557 714 1601 763 τῇ

148 775 267 822 ἀγορᾷ
296 771 628 821 προσεκόλλησεν,6
666 775 746 810 ἀντὶ
781 780 840 816 τῆς
868 773 1056 821 Φουλβίας
1085 774 1399 823 οἰκοδομηθεῖσαν·
1432 776 1521 811 οὕτω
1557 774 1601 819 δὴ

147 835 317 887 φοβηθεὶς
338 842 400 881 τὴν
425 837 604 874 σύστασιν
638 838 655 872 ὁ
688 836 892 885 Πομπήϊος,
915 836 1132 888 ἀναφανδὸν
1152 836 1218 881 ἤδη
1239 836 1282 873 δι’
1301 838 1430 874 ἑαυτοῦ
1451 840 1509 874 καὶ
1528 845 1600 875 τῶν

147 902 295 950 φίλων7
336 902 513 948 ἔπραττεν
549 899 816 950 ἀποδειχθῆναι
857 898 1031 949 διάδοχον
1069 901 1233 949 Καίσαρι
1268 910 1328 945 τῆς
1363 903 1490 951 ἀρχῆς·
1539 903 1598 938 καὶ

148 967 300 1012 πέμπων
319 965 450 1015 ἀπῄτει
471 961 550 1000 τούς
571 964 804 1012 στρατιώτας,
825 966 883 999 οὓς
904 965 1063 1013 ἔχρησεν
1083 966 1178 1014 αὐτῷ
1198 965 1283 1013 πρὸς
1301 965 1380 1001 τοὺς
1402 963 1600 1001 Κελτικούς

362 1026 408 1063 ‘O
442 1026 470 1062 δ’
503 1029 729 1075 ἀποπέμπει,
758 1024 1013 1075 δωρησάμενος
1047 1027 1202 1064 ἕκαστον
1234 1026 1351 1072 ἄνδρα
1372 1029 1599 1071 πεντήκοντα

659 1089 672 1109 8

146 1027 308 1073 ἀγῶνας.

704 1088 736 1125 οἱ
758 1087 800 1124 δὲ
820 1089 963 1126 τούτους
984 1088 1168 1140 Πομπηΐῳ
1188 1090 1439 1139 κομίσαντες,9
1459 1092 1509 1128 εἶς
1528 1091 1598 1141 μὲν

1369 1156 1400 1174 10
1436 1155 1444 1165 ‘
1488 1155 1496 1167 ¹
1582 1158 1599 1164 ’-

1432 1169 1520 1202 υπερ
1538 1169 1599 1191 7·ου

147 1091 204 1126 καὶ
224 1089 423 1126 διακοσίαις
444 1089 640 1139 δραχμαῖς·

146 1152 185 1189 τὸ
204 1155 340 1198 πλῆθος
361 1155 423 1189 οὐκ
441 1154 622 1197 ἐπιεικεῖς,
643 1152 727 1190 οὐδὲ
757 1151 937 1203 χρηστούς
956 1157 1201 1203 κατέσπειραν
1221 1156 1351 1202 λόγους

802 1277 942 1308 NOTAE

145 1337 281 1369 Vatinia
293 1338 428 1369 colonos
441 1338 556 1369 Ca¹sar
569 1337 845 1378 deduxeratjure

147 1388 248 1426 Latii,
273 1388 305 1419 h.
322 1398 353 1419 c.
380 1393 418 1418 ut
434 1389 489 1428 qui
507 1398 653 1418 annuum
670 1390 844 1428 magistra-

146 1443 215 1470 tum
232 1438 424 1477 habuerint,
439 1439 530 1468 cives
555 1443 666 1469 essent
690 1440 844 1471 Romani.

145 1489 237 1519 suet.
263 1488 332 1520 Jul.
359 1491 411 1520 28.
456 1487 548 1528 App.
577 1489 619 1518 de
645 1488 721 1520 bell.
745 1489 844 1520 Civil.

144 1546 183 1569 11.
201 1541 253 1570 26.

188 1591 206 1619 3
232 1588 319 1619 Μετὰ
335 1587 452 1630 Μάρκ.]
476 1589 522 1620 Η.
539 1598 569 1620 e.
587 1599 672 1620 anno
690 1590 845 1630 proximo

144 1638 182 1669 L.
200 1638 331 1669 AEmilio
348 1639 467 1669 Paullo
484 1643 519 1669 et
541 1640 580 1670 C.
599 1639 739 1671 Claudio
757 1641 846 1671 Mar-

144 1689 230 1719 cello
247 1688 322 1719 Css.
339 1699 368 1719 a.
386 1689 464 1719 Chr.
479 1692 532 1720 50.

185 1741 205 1769 4
227 1737 418 1779 Ἀφεικότος]
441 1740 496 1769 De
513 1748 554 1769 ea
569 1748 604 1770 re
622 1738 689 1771 vid.
705 1740 844 1771 Sueton.

144 1789 230 1821 Caes.
246 1792 354 1821 26-28.

185 1843 202 1870 5
229 1839 396 1881 Κουρίωνα]
439 1841 579 1871 Scilicet
594 1841 680 1871 AEm.
704 1841 844 1871 Paullus

143 1895 179 1920 et
207 1889 245 1921 C.
274 1890 325 1921 Cl.
355 1891 553 1929 Marcellus,
578 1891 633 1932 qui
664 1890 761 1921 fratri
787 1901 844 1930 pa·
861 1932 869 1933 ἶ

142 1940 242 1972 trueli
265 1950 324 1971 suo
356 1941 389 1970 in
420 1941 594 1971 consulatu
623 1945 843 1978 successerat,

143 1991 295 2022 consules
310 1989 393 2022 facti
411 1995 498 2030 sunt,
525 1990 613 2031 quod
631 1991 758 2022 Caesari
783 1990 843 2020 ini-

142 2039 315 2070 micissimi
353 2041 568 2080 videbantur,
614 2041 716 2072 Curio
761 2050 841 2071 vero

143 2088 203 2129 (de
227 2099 292 2130 quo
316 2089 362 2121 cf.
378 2090 501 2120 Vellei.
519 2090 597 2121 Pat.
623 2099 663 2121 11.
687 2089 758 2131 48.)
785 2090 842 2120 tri-

141 2138 250 2170 bunus
267 2139 374 2179 plebis
397 2139 504 2179 ἐχθρὸς
519 2140 560 2170 ὢν
573 2139 623 2170 καὶ
639 2139 690 2170 ὅδε
703 2142 747 2179 τῷ
770 2139 843 2170 Καί-

141 2199 212 2228 σαρι
226 2188 369 2228 καρτερὸς
384 2188 433 2219 καὶ
447 2189 477 2219 ἐς
491 2189 547 2219 τὸν
569 2191 663 2228 δῆμον
678 2190 842 2230 εὐχαριτώ-

141 2250 235 2270 τατος
260 2238 310 2269 καὶ
336 2238 431 2269 εἰπεῖν
451 2239 645 2271 ἱκανώτατος.
689 2240 811 2271 Τούτων
826 2241 843 2270 ὁ

143 2289 263 2328 Καῖσαρ
283 2287 435 2318 Κλαύδιον
459 2287 516 2326 μὲν
539 2289 594 2320 οὐκ
615 2289 746 2328 ἴσχυσεν
770 2288 844 2320 ὑπά-

141 2340 251 2376 γεσθαι
277 2337 425 2378 χρήμασι,
449 2339 573 2370 Παῦλον
599 2338 631 2370 δὲ
657 2339 767 2379 χιλίων
793 2341 843 2371 καὶ

139 2387 348 2419 πεντακοσίων
382 2388 544 2420 ταλάντων
574 2390 710 2431 ἐπρίατο,
747 2391 842 2430 μηδὲν

141 2438 223 2477 αὐτῷ
251 2439 330 2477 μήτε
356 2438 562 2479 συμπράττειν
588 2440 667 2478 μήτε
689 2442 841 2482 ἐνοχλεῖν.

141 2488 296 2530 Κουρίωνα
310 2488 342 2519 δὲ
359 2489 409 2519 καὶ
424 2488 642 2530 συμπράττειν,
668 2491 714 2522 ἔτι
740 2491 842 2523 πλειό-

140 2551 210 2579 νων,
227 2538 310 2570 εἰδὼς
325 2538 550 2578 ἐνοχλούμενον
572 2541 629 2571 ὑπὸ
651 2544 750 2582 χρεῶν
764 2549 841 2573 πολ-

140 2591 214 2622 λῶν.
257 2590 408 2631 Ascripsi
423 2591 526 2631 ipsius
551 2592 643 2632 App.
665 2594 685 2624 l.
702 2594 724 2624 l.
740 2604 771 2624 c.
785 2597 838 2624 26.

141 2641 256 2681 verba,
271 2641 391 2682 quibus
407 2645 522 2672 noster
536 2642 737 2682 explicatur.

183 2694 205 2724 fi
224 2693 269 2734 Τῇ
284 2691 397 2734 ἀγορᾷ]
440 2691 496 2725 Ad
512 2691 622 2725 forum
638 2693 839 2726 Romamun.

900 1339 1168 1380 Προσεκόλλησεν,
1178 1340 1265 1380 quasi
1274 1340 1495 1379 agglutinat-it,
1505 1339 1600 1370 Reis-

898 1390 941 1420 ke
952 1401 992 1421 ex
1003 1391 1413 1431 conjecturasuascripsit
1424 1399 1602 1430 ῐποπροσε-

899 1439 1035 1476 κόμισεν.
1070 1439 1226 1470 Praefero
1241 1440 1352 1470 Solani
1369 1440 1600 1479 conjecturam

899 1489 1160 1530 προσεκόσμησεν,
1175 1493 1302 1520 ornatus
1311 1499 1399 1519 causa
1415 1489 1531 1526 mIJ'ecit
1547 1489 1600 1527 ,ΐο-

898 1551 943 1571 ro.
991 1539 1045 1572 Cf.
1072 1539 1161 1570 iufra
1188 1549 1218 1570 c.
1238 1543 1290 1571 66.
1318 1544 1398 1570 nota
1424 1542 1454 1570 2.
1502 1540 1599 1570 Reci-

899 1591 1024 1631 pienda
1040 1594 1112 1620 erat
1136 1590 1238 1620 lectio
1255 1590 1293 1620 C.
1310 1589 1422 1620 Anon.
1446 1601 1600 1629 προσῳκο-

898 1639 1041 1679 δόμησεν,
1057 1640 1137 1670 licet
1152 1644 1317 1679 sequatur
1339 1637 1599 1677 οἰκοδομηθεῖσαν.

898 1691 995 1722 Idem
1011 1691 1099 1722 enim
1128 1690 1324 1721 vocabulum
1346 1690 1516 1721 interdum
1533 1696 1600 1721 ter-

899 1751 965 1782 que
981 1746 1170 1782 quaterque
1187 1741 1218 1770 in
1236 1740 1352 1780 paucis
1368 1741 1491 1780 repeti,
1518 1741 1599 1771 satis

898 1796 1044 1821 constat.
1083 1791 1193 1822 Quam
1209 1791 1377 1830 porticum
1394 1795 1508 1822 noster
1525 1792 1602 1821 Ful-

898 1840 988 1870 viam
1004 1840 1166 1880 appellat,
1183 1839 1300 1870 eadem
1328 1844 1392 1878 est,
1421 1841 1455 1870 ui
1484 1839 1598 1879 fallor,

898 1901 973 1931 quae
1000 1891 1092 1931 prius
1120 1889 1252 1920 AEmilia
1275 1889 1472 1927 dicebatur3
1499 1900 1598 1930 quam

897 1941 930 1970 in
948 1941 1043 1971 Livio
1060 1949 1133 1970 xm.
1151 1942 1203 1970 32.
1230 1938 1272 1969 ab
1295 1939 1444 1970 Censore
1460 1940 1503 1971 Q.
1522 1939 1598 1970 Ful-

898 1991 951 2021 vio
968 1990 1091 2021 Flacco
1106 1988 1272 2020 refectam
1298 1989 1451 2030 legimus.
1498 1989 1598 2022 Quod

896 2040 923 2071 si
956 2050 1086 2079 verum,
1120 2040 1274 2070 AEmilius
1305 2049 1388 2080 opus
1418 2040 1597 2080 cujusdam

895 2092 1057 2131 majorum
1084 2099 1218 2121 suorum
1249 2089 1420 2129 dejectum
1450 2089 1600 2130 magnifi-

896 2141 1029 2172 centius
1048 2140 1212 2171 extruxit.

938 2194 956 2221 7
981 2190 1040 2220 Καὶ
1065 2192 1126 2220 τῶν
1145 2189 1257 2231 φίλων]
1300 2190 1517 2221 Potissimum
1534 2200 1597 2231 per

896 2242 1066 2272 consulem
1083 2241 1120 2271 C.
1138 2241 1256 2272 Claud.
1271 2241 1483 2272 Marcellum.

938 2295 957 2322 8
995 2294 1058 2322 250
1089 2291 1253 2332 δραχμαῖς]
1296 2291 1342 2322 Η.
1380 2291 1520 2322 circiter
1554 2294 1596 2321 50

895 2343 1005 2374 Rthlr.

937 2396 958 2423 9
981 2391 1257 2432 Οἱ-κομίσαντες]
1300 2390 1433 2432 Appius
1449 2391 1596 2421 nomina-

894 2446 949 2473 tur
964 2443 998 2472 in
1014 2443 1096 2473 Vita
1111 2442 1232 2481 Pomp.
1249 2451 1278 2473 c.
1291 2444 1344 2472 57.

940 2495 979 2522 10
1008 2492 1073 2522 Οὐκ
1099 2492 1239 2521 ἐπιεικεῖς
1265 2489 1333 2521 οὐδὲ
1359 2489 1516 2529 χρηστοὺς
1541 2487 1595 2520 λό-

894 2543 982 2582 γους]
998 2543 1045 2573 Η.
1062 2552 1092 2574 e.
1107 2542 1214 2573 πολλὰ
1229 2540 1451 2580 ἐξεφλαύρισαν
1461 2541 1518 2571 τὰς
1533 2541 1598 2572 ἐκεῖ

893 2591 1014 2631 πράξεις
1034 2592 1084 2622 καὶ
1099 2591 1212 2629 λόγους
1227 2589 1367 2630 ἐξέφερον
1391 2589 1595 2630 βλασφήμους

893 2641 962 2682 περὶ
977 2640 1139 2680 Καίσαρος,
1167 2645 1204 2671 ut
1230 2640 1302 2680 ipse
1331 2640 1532 2671 Plutarchus
1557 2649 1594 2671 se

892 2691 1142 2733 interpretatur
1158 2691 1195 2722 in
1209 2690 1292 2722 Vita
1314 2690 1470 2731 Pompeii
1493 2700 1523 2722 c.
1538 2693 1592 2722 57.
