<?xml version="1.0" encoding="UTF-8"?>
<!DOCTYPE html PUBLIC "-//W3C//DTD XHTML 1.0 Transitional//EN"
    "http://www.w3.org/TR/xhtml1/DTD/xhtml1-transitional.dtd">
<html xmlns="http://www.w3.org/1999/xhtml" xml:lang="en" lang="en">
 <head>
  <title>
</title>
<meta http-equiv="Content-Type" content="text/html;charset=utf-8" />
  <meta name='ocr-system' content='tesseract 3.04.00' />
  <meta name='ocr-capabilities' content='ocr_page ocr_carea ocr_par ocr_line ocrx_word'/>
</head>
<body>
  <div class='ocr_page' id='page_1' title='image "./operaomniaexedit05caesuoft/operaomniaexedit05caesuoft_0157.png"; bbox 0 0 1872 3104; ppageno 0'>
   <div class='ocr_carea' id='block_1_1' title="bbox 593 193 1597 237">
    <p class='ocr_par' dir='ltr' id='par_1_1' title="bbox 593 193 1597 237">
     <span class='ocr_line' id='line_1_1' title="bbox 593 193 1597 237; baseline 0 -1"><span class='ocrx_word' id='word_1_1' title='bbox 593 208 651 237; x_wconf 74' lang='lat' dir='ltr'>nr.</span> <span class='ocrx_word' id='word_1_2' title='bbox 683 207 725 235; x_wconf 76' lang='lat' dir='ltr'>c,</span> <span class='ocrx_word' id='word_1_3' title='bbox 757 205 901 235; x_wconf 74' lang='lat' dir='ltr'>sumo</span> <span class='ocrx_word' id='word_1_4' title='bbox 936 204 1152 233; x_wconf 48' lang='lat' dir='ltr'>ursina.</span> <span class='ocrx_word' id='word_1_5' title='bbox 1481 193 1597 236; x_wconf 62' lang='lat'>‘2033</span> 
     </span>
    </p>
   </div>
   <div class='ocr_carea' id='block_1_2' title="bbox 129 300 1597 2784">
    <p class='ocr_par' dir='ltr' id='par_1_2' title="bbox 129 300 1597 2784">
     <span class='ocr_line' id='line_1_2' title="bbox 139 300 1594 354; baseline -0.007 -7"><span class='ocrx_word' id='word_1_6' title='bbox 139 309 222 347; x_wconf 82' lang='lat' dir='ltr'>aliis</span> <span class='ocrx_word' id='word_1_7' title='bbox 243 309 517 347; x_wconf 80' lang='lat' dir='ltr'>tribuerentur;</span> <span class='ocrx_word' id='word_1_8' title='bbox 548 303 878 354; x_wconf 80' lang='lat' dir='ltr'>quemadmodum</span> <span class='ocrx_word' id='word_1_9' title='bbox 909 303 1118 341; x_wconf 71' lang='lat' dir='ltr'>Suetonius</span> <span class='ocrx_word' id='word_1_10' title='bbox 1140 303 1175 339; x_wconf 89' lang='lat' dir='ltr'>in</span> <span class='ocrx_word' id='word_1_11' title='bbox 1199 302 1307 340; x_wconf 84' lang='lat' dir='ltr'>Julio</span> <span class='ocrx_word' id='word_1_12' title='bbox 1321 300 1436 338; x_wconf 81' lang='lat' dir='ltr'>docet</span> <span class='ocrx_word' id='word_1_13' title='bbox 1457 316 1491 338; x_wconf 87' lang='lat' dir='ltr'>c.</span> <span class='ocrx_word' id='word_1_14' title='bbox 1516 302 1594 342; x_wconf 50' lang='lat'>563</span> 
     </span>
     <span class='ocr_line' id='line_1_3' title="bbox 139 365 1597 423; baseline -0.007 -15"><span class='ocrx_word' id='word_1_15' title='bbox 139 373 244 423; x_wconf 85' lang='lat' dir='ltr'>quod</span> <span class='ocrx_word' id='word_1_16' title='bbox 267 371 352 409; x_wconf 85' lang='lat' dir='ltr'>inde</span> <span class='ocrx_word' id='word_1_17' title='bbox 372 368 592 419; x_wconf 88' lang='lat' dir='ltr'>provenisse</span> <span class='ocrx_word' id='word_1_18' title='bbox 613 374 806 417; x_wconf 85' lang='lat' dir='ltr'>putamus,</span> <span class='ocrx_word' id='word_1_19' title='bbox 830 368 922 417; x_wconf 81' lang='lat' dir='ltr'>quia</span> <span class='ocrx_word' id='word_1_20' title='bbox 945 368 1017 404; x_wconf 85' lang='lat' dir='ltr'>alia</span> <span class='ocrx_word' id='word_1_21' title='bbox 1042 366 1222 409; x_wconf 82' lang='lat' dir='ltr'>Hirtium,</span> <span class='ocrx_word' id='word_1_22' title='bbox 1242 365 1317 402; x_wconf 79' lang='lat' dir='ltr'>aliu</span> <span class='ocrx_word' id='word_1_23' title='bbox 1335 366 1508 414; x_wconf 86' lang='lat' dir='ltr'>Oppium</span> <span class='ocrx_word' id='word_1_24' title='bbox 1531 367 1597 404; x_wconf 87' lang='lat' dir='ltr'>ha.</span> 
     </span>
     <span class='ocr_line' id='line_1_4' title="bbox 139 430 1594 482; baseline -0.003 -10"><span class='ocrx_word' id='word_1_25' title='bbox 139 437 271 474; x_wconf 81' lang='lat' dir='ltr'>herent</span> <span class='ocrx_word' id='word_1_26' title='bbox 290 438 499 471; x_wconf 83' lang='lat' dir='ltr'>auctorem.</span> <span class='ocrx_word' id='word_1_27' title='bbox 538 432 632 476; x_wconf 83' lang='lat' dir='ltr'>Nos,</span> <span class='ocrx_word' id='word_1_28' title='bbox 651 438 693 469; x_wconf 88' lang='lat' dir='ltr'>ut</span> <span class='ocrx_word' id='word_1_29' title='bbox 711 431 802 476; x_wconf 79' lang='lat' dir='ltr'>dixi,</span> <span class='ocrx_word' id='word_1_30' title='bbox 821 433 987 470; x_wconf 79' lang='lat' dir='ltr'>Hirtium</span> <span class='ocrx_word' id='word_1_31' title='bbox 1007 432 1120 482; x_wconf 82' lang='lat' dir='ltr'>plane</span> <span class='ocrx_word' id='word_1_32' title='bbox 1140 437 1318 481; x_wconf 76' lang='lat' dir='ltr'>putamus</span> <span class='ocrx_word' id='word_1_33' title='bbox 1336 430 1528 479; x_wconf 69' lang='lat' dir='ltr'>scripsisse</span> <span class='ocrx_word' id='word_1_34' title='bbox 1545 430 1594 468; x_wconf 89' lang='lat' dir='ltr'>de</span> 
     </span>
     <span class='ocr_line' id='line_1_5' title="bbox 139 495 1597 541; baseline -0.003 -4"><span class='ocrx_word' id='word_1_35' title='bbox 139 499 238 537; x_wconf 84' lang='lat' dir='ltr'>bello</span> <span class='ocrx_word' id='word_1_36' title='bbox 255 497 421 540; x_wconf 87' lang='lat' dir='ltr'>Gallico,</span> <span class='ocrx_word' id='word_1_37' title='bbox 436 495 711 541; x_wconf 78' lang='lat' dir='ltr'>Alexandrino,</span> <span class='ocrx_word' id='word_1_38' title='bbox 729 502 767 533; x_wconf 94' lang='lat' dir='ltr'>et</span> <span class='ocrx_word' id='word_1_39' title='bbox 783 496 985 539; x_wconf 82' lang='lat' dir='ltr'>Africano;</span> <span class='ocrx_word' id='word_1_40' title='bbox 1009 496 1118 533; x_wconf 90' lang='lat' dir='ltr'>unius</span> <span class='ocrx_word' id='word_1_41' title='bbox 1140 495 1237 532; x_wconf 90' lang='lat' dir='ltr'>enim</span> <span class='ocrx_word' id='word_1_42' title='bbox 1259 495 1428 532; x_wconf 83' lang='lat' dir='ltr'>auctoris</span> <span class='ocrx_word' id='word_1_43' title='bbox 1451 508 1533 532; x_wconf 80' lang='lat' dir='ltr'>esse</span> <span class='ocrx_word' id='word_1_44' title='bbox 1555 495 1597 532; x_wconf 84' lang='lat' dir='ltr'>li-</span> 
     </span>
     <span class='ocr_line' id='line_1_6' title="bbox 137 559 1594 613; baseline -0.002 -13"><span class='ocrx_word' id='word_1_45' title='bbox 137 568 252 613; x_wconf 85' lang='lat' dir='ltr'>quet:</span> <span class='ocrx_word' id='word_1_46' title='bbox 281 560 348 597; x_wconf 88' lang='lat' dir='ltr'>sed</span> <span class='ocrx_word' id='word_1_47' title='bbox 370 559 419 597; x_wconf 88' lang='lat' dir='ltr'>de</span> <span class='ocrx_word' id='word_1_48' title='bbox 442 559 544 596; x_wconf 88' lang='lat' dir='ltr'>bello</span> <span class='ocrx_word' id='word_1_49' title='bbox 567 559 822 609; x_wconf 77' lang='lat' dir='ltr'>Hispaniensi,</span> <span class='ocrx_word' id='word_1_50' title='bbox 841 559 947 609; x_wconf 85' lang='lat' dir='ltr'>quod</span> <span class='ocrx_word' id='word_1_51' title='bbox 968 559 1062 597; x_wconf 83' lang='lat' dir='ltr'>alius</span> <span class='ocrx_word' id='word_1_52' title='bbox 1082 565 1140 596; x_wconf 91' lang='lat' dir='ltr'>est</span> <span class='ocrx_word' id='word_1_53' title='bbox 1163 559 1344 604; x_wconf 85' lang='lat' dir='ltr'>auctoris,</span> <span class='ocrx_word' id='word_1_54' title='bbox 1376 559 1437 596; x_wconf 89' lang='lat' dir='ltr'>cui</span> <span class='ocrx_word' id='word_1_55' title='bbox 1465 559 1594 609; x_wconf 80' lang='lat' dir='ltr'>potius</span> 
     </span>
     <span class='ocr_line' id='line_1_7' title="bbox 136 623 1596 674; baseline -0.002 -10"><span class='ocrx_word' id='word_1_56' title='bbox 136 625 360 669; x_wconf 71' lang='lat' dir='ltr'>tribuamus,</span> <span class='ocrx_word' id='word_1_57' title='bbox 384 636 500 673; x_wconf 85' lang='lat' dir='ltr'>quam</span> <span class='ocrx_word' id='word_1_58' title='bbox 518 624 665 674; x_wconf 90' lang='lat' dir='ltr'>Oppio,</span> <span class='ocrx_word' id='word_1_59' title='bbox 687 636 762 660; x_wconf 89' lang='lat' dir='ltr'>non</span> <span class='ocrx_word' id='word_1_60' title='bbox 786 624 909 662; x_wconf 79' lang='lat' dir='ltr'>video,</span> <span class='ocrx_word' id='word_1_61' title='bbox 969 623 1088 662; x_wconf 80' lang='lat' dir='ltr'>Stilus</span> <span class='ocrx_word' id='word_1_62' title='bbox 1104 623 1185 672; x_wconf 85' lang='lat' dir='ltr'>ejus</span> <span class='ocrx_word' id='word_1_63' title='bbox 1207 623 1451 661; x_wconf 89' lang='lat' dir='ltr'>duriusculus</span> <span class='ocrx_word' id='word_1_64' title='bbox 1466 629 1535 670; x_wconf 88' lang='lat' dir='ltr'>est,</span> <span class='ocrx_word' id='word_1_65' title='bbox 1556 629 1596 661; x_wconf 89' lang='lat' dir='ltr'>et</span> 
     </span>
     <span class='ocr_line' id='line_1_8' title="bbox 135 688 1594 739; baseline -0.001 -12"><span class='ocrx_word' id='word_1_66' title='bbox 135 695 271 727; x_wconf 85' lang='lat' dir='ltr'>ornatu</span> <span class='ocrx_word' id='word_1_67' title='bbox 283 701 435 726; x_wconf 84' lang='lat' dir='ltr'>carens:</span> <span class='ocrx_word' id='word_1_68' title='bbox 458 701 544 739; x_wconf 82' lang='lat' dir='ltr'>quae</span> <span class='ocrx_word' id='word_1_69' title='bbox 558 701 674 725; x_wconf 88' lang='lat' dir='ltr'>causa</span> <span class='ocrx_word' id='word_1_70' title='bbox 693 694 763 733; x_wconf 85' lang='lat' dir='ltr'>est,</span> <span class='ocrx_word' id='word_1_71' title='bbox 778 701 846 726; x_wconf 86' lang='lat' dir='ltr'>cur</span> <span class='ocrx_word' id='word_1_72' title='bbox 861 688 978 738; x_wconf 83' lang='lat' dir='ltr'>aliqui</span> <span class='ocrx_word' id='word_1_73' title='bbox 994 701 1080 725; x_wconf 88' lang='lat' dir='ltr'>enm</span> <span class='ocrx_word' id='word_1_74' title='bbox 1099 688 1303 725; x_wconf 89' lang='lat' dir='ltr'>barbarum</span> <span class='ocrx_word' id='word_1_75' title='bbox 1320 694 1458 725; x_wconf 83' lang='lat' dir='ltr'>vocent</span> <span class='ocrx_word' id='word_1_76' title='bbox 1476 702 1484 731; x_wconf 91' lang='lat'>;</span> <span class='ocrx_word' id='word_1_77' title='bbox 1507 701 1594 738; x_wconf 90' lang='lat' dir='ltr'>per-</span> 
     </span>
     <span class='ocr_line' id='line_1_9' title="bbox 131 751 1596 803; baseline -0.001 -13"><span class='ocrx_word' id='word_1_78' title='bbox 131 765 263 803; x_wconf 85' lang='lat' dir='ltr'>peram</span> <span class='ocrx_word' id='word_1_79' title='bbox 281 752 473 802; x_wconf 85' lang='lat' dir='ltr'>profectO.</span> <span class='ocrx_word' id='word_1_80' title='bbox 504 754 630 796; x_wconf 85' lang='lat' dir='ltr'>Quam</span> <span class='ocrx_word' id='word_1_81' title='bbox 650 766 726 790; x_wconf 88' lang='lat' dir='ltr'>rem</span> <span class='ocrx_word' id='word_1_82' title='bbox 745 753 845 790; x_wconf 87' lang='lat' dir='ltr'>malo</span> <span class='ocrx_word' id='word_1_83' title='bbox 866 752 1195 803; x_wconf 29' lang='lat' dir='ltr'>explicarelverbis</span> <span class='ocrx_word' id='word_1_84' title='bbox 1214 752 1294 789; x_wconf 87' lang='lat' dir='ltr'>Jos.</span> <span class='ocrx_word' id='word_1_85' title='bbox 1316 751 1513 800; x_wconf 81' lang='lat' dir='ltr'>Scaligeri,</span> <span class='ocrx_word' id='word_1_86' title='bbox 1536 751 1596 790; x_wconf 86' lang='lat' dir='ltr'>vel</span> 
     </span>
     <span class='ocr_line' id='line_1_10' title="bbox 134 814 1595 865; baseline -0.001 -11"><span class='ocrx_word' id='word_1_87' title='bbox 134 816 188 854; x_wconf 89' lang='lat' dir='ltr'>ob</span> <span class='ocrx_word' id='word_1_88' title='bbox 209 817 346 854; x_wconf 92' lang='lat' dir='ltr'>summi</span> <span class='ocrx_word' id='word_1_89' title='bbox 366 817 433 854; x_wconf 91' lang='lat' dir='ltr'>viri</span> <span class='ocrx_word' id='word_1_90' title='bbox 452 816 733 854; x_wconf 87' lang='lat' dir='ltr'>auctoritatem.</span> <span class='ocrx_word' id='word_1_91' title='bbox 793 816 868 854; x_wconf 90' lang='lat' dir='ltr'>Hic</span> <span class='ocrx_word' id='word_1_92' title='bbox 890 816 937 853; x_wconf 91' lang='lat' dir='ltr'>de</span> <span class='ocrx_word' id='word_1_93' title='bbox 957 829 1002 853; x_wconf 88' lang='lat' dir='ltr'>eo</span> <span class='ocrx_word' id='word_1_94' title='bbox 1021 815 1073 853; x_wconf 90' lang='lat' dir='ltr'>sic</span> <span class='ocrx_word' id='word_1_95' title='bbox 1097 815 1231 853; x_wconf 89' lang='lat' dir='ltr'>scribit</span> <span class='ocrx_word' id='word_1_96' title='bbox 1258 814 1539 865; x_wconf 83' lang='lat' dir='ltr'>Prolegomenis</span> <span class='ocrx_word' id='word_1_97' title='bbox 1557 816 1595 854; x_wconf 92' lang='lat' dir='ltr'>in</span> 
     </span>
     <span class='ocr_line' id='line_1_11' title="bbox 135 878 1591 928; baseline 0.001 -11"><span class='ocrx_word' id='word_1_98' title='bbox 135 880 363 919; x_wconf 88' lang='lat' dir='ltr'>Manilium:</span> <span class='ocrx_word' id='word_1_99' title='bbox 396 886 406 901; x_wconf 93' lang='lat'><em>‘</em></span> <span class='ocrx_word' id='word_1_100' title='bbox 428 880 769 925; x_wconf 77' lang='lat' dir='ltr'>Quemadmodum</span> <span class='ocrx_word' id='word_1_101' title='bbox 801 880 906 918; x_wconf 89' lang='lat' dir='ltr'>aliud</span> <span class='ocrx_word' id='word_1_102' title='bbox 941 886 998 917; x_wconf 83' lang='lat' dir='ltr'>est</span> <span class='ocrx_word' id='word_1_103' title='bbox 1032 885 1168 917; x_wconf 88' lang='lat' dir='ltr'>ornate</span> <span class='ocrx_word' id='word_1_104' title='bbox 1189 878 1309 928; x_wconf 90' lang='lat' dir='ltr'>loqui,</span> <span class='ocrx_word' id='word_1_105' title='bbox 1344 878 1448 915; x_wconf 87' lang='lat' dir='ltr'>aliud</span> <span class='ocrx_word' id='word_1_106' title='bbox 1470 892 1591 928; x_wconf 87' lang='lat' dir='ltr'>pure;</span> 
     </span>
     <span class='ocr_line' id='line_1_12' title="bbox 131 941 1593 994; baseline 0.001 -13"><span class='ocrx_word' id='word_1_107' title='bbox 131 943 184 981; x_wconf 88' lang='lat' dir='ltr'>ita</span> <span class='ocrx_word' id='word_1_108' title='bbox 219 945 324 982; x_wconf 84' lang='lat' dir='ltr'>aliud</span> <span class='ocrx_word' id='word_1_109' title='bbox 356 951 414 982; x_wconf 89' lang='lat' dir='ltr'>est</span> <span class='ocrx_word' id='word_1_110' title='bbox 444 944 714 994; x_wconf 72' lang='grc' dir='ltr'>βαρβαρίέειν,</span> <span class='ocrx_word' id='word_1_111' title='bbox 752 943 854 980; x_wconf 88' lang='lat' dir='ltr'>aliud</span> <span class='ocrx_word' id='word_1_112' title='bbox 884 942 1081 980; x_wconf 85' lang='lat' dir='ltr'>incondite</span> <span class='ocrx_word' id='word_1_113' title='bbox 1116 941 1223 992; x_wconf 85' lang='lat' dir='ltr'>loqui</span> <span class='ocrx_word' id='word_1_114' title='bbox 1242 955 1250 979; x_wconf 90' lang='lat'>:</span> <span class='ocrx_word' id='word_1_115' title='bbox 1294 941 1400 992; x_wconf 88' lang='lat' dir='ltr'>quod</span> <span class='ocrx_word' id='word_1_116' title='bbox 1436 942 1593 992; x_wconf 87' lang='lat' dir='ltr'>quidem</span> 
     </span>
     <span class='ocr_line' id='line_1_13' title="bbox 132 1005 1592 1058; baseline -0.001 -12"><span class='ocrx_word' id='word_1_117' title='bbox 132 1008 263 1046; x_wconf 86' lang='lat' dir='ltr'>multis</span> <span class='ocrx_word' id='word_1_118' title='bbox 297 1008 492 1058; x_wconf 85' lang='lat' dir='ltr'>imposuit,</span> <span class='ocrx_word' id='word_1_119' title='bbox 526 1008 593 1057; x_wconf 83' lang='lat' dir='ltr'>qui</span> <span class='ocrx_word' id='word_1_120' title='bbox 621 1005 885 1056; x_wconf 70' lang='grc' dir='ltr'>βαρβαρισμὸν</span> <span class='ocrx_word' id='word_1_121' title='bbox 913 1012 1056 1044; x_wconf 86' lang='lat' dir='ltr'>vocant</span> <span class='ocrx_word' id='word_1_122' title='bbox 1091 1006 1329 1044; x_wconf 90' lang='lat' dir='ltr'>inconditum</span> <span class='ocrx_word' id='word_1_123' title='bbox 1363 1019 1592 1048; x_wconf 83' lang='lat' dir='ltr'>sermonem.</span> 
     </span>
     <span class='ocr_line' id='line_1_14' title="bbox 132 1070 1593 1122; baseline -0.001 -12"><span class='ocrx_word' id='word_1_124' title='bbox 132 1073 203 1110; x_wconf 86' lang='lat' dir='ltr'>Illa</span> <span class='ocrx_word' id='word_1_125' title='bbox 214 1085 321 1117; x_wconf 87' lang='lat' dir='ltr'>anus,</span> <span class='ocrx_word' id='word_1_126' title='bbox 344 1085 432 1122; x_wconf 84' lang='lat' dir='ltr'>quae</span> <span class='ocrx_word' id='word_1_127' title='bbox 452 1072 491 1109; x_wconf 91' lang='lat' dir='ltr'>in</span> <span class='ocrx_word' id='word_1_128' title='bbox 506 1071 770 1122; x_wconf 79' lang='lat' dir='ltr'>Theophrasti</span> <span class='ocrx_word' id='word_1_129' title='bbox 787 1083 960 1108; x_wconf 83' lang='lat' dir='ltr'>sermone</span> <span class='ocrx_word' id='word_1_130' title='bbox 972 1070 1280 1121; x_wconf 77' lang='lat' dir='ltr'>peregrinitatem</span> <span class='ocrx_word' id='word_1_131' title='bbox 1299 1070 1593 1121; x_wconf 84' lang='lat' dir='ltr'>notavit,magis</span> 
     </span>
     <span class='ocr_line' id='line_1_15' title="bbox 135 1135 1592 1185; baseline -0.001 -12"><span class='ocrx_word' id='word_1_132' title='bbox 135 1136 276 1181; x_wconf 80' lang='lat' dir='ltr'>Attice,</span> <span class='ocrx_word' id='word_1_133' title='bbox 303 1142 342 1174; x_wconf 88' lang='lat' dir='ltr'>et</span> <span class='ocrx_word' id='word_1_134' title='bbox 361 1135 484 1173; x_wconf 88' lang='lat' dir='ltr'>minus</span> <span class='ocrx_word' id='word_1_135' title='bbox 503 1142 649 1180; x_wconf 87' lang='lat' dir='ltr'>ornate,</span> <span class='ocrx_word' id='word_1_136' title='bbox 684 1148 798 1185; x_wconf 85' lang='lat' dir='ltr'>quam</span> <span class='ocrx_word' id='word_1_137' title='bbox 818 1135 1127 1185; x_wconf 77' lang='lat' dir='ltr'>Theophrastus,</span> <span class='ocrx_word' id='word_1_138' title='bbox 1158 1135 1267 1184; x_wconf 91' lang='lat' dir='ltr'>loqui</span> <span class='ocrx_word' id='word_1_139' title='bbox 1286 1135 1428 1185; x_wconf 83' lang='lat' dir='ltr'>potuit.</span> <span class='ocrx_word' id='word_1_140' title='bbox 1486 1135 1592 1172; x_wconf 89' lang='lat' dir='ltr'>Idem</span> 
     </span>
     <span class='ocr_line' id='line_1_16' title="bbox 132 1199 1593 1250; baseline -0.001 -12"><span class='ocrx_word' id='word_1_141' title='bbox 132 1199 238 1239; x_wconf 88' lang='lat' dir='ltr'>dicas</span> <span class='ocrx_word' id='word_1_142' title='bbox 267 1199 314 1237; x_wconf 90' lang='lat' dir='ltr'>de</span> <span class='ocrx_word' id='word_1_143' title='bbox 342 1200 462 1246; x_wconf 92' lang='lat' dir='ltr'>Livio,</span> <span class='ocrx_word' id='word_1_144' title='bbox 502 1200 614 1250; x_wconf 88' lang='lat' dir='ltr'>cujus</span> <span class='ocrx_word' id='word_1_145' title='bbox 645 1199 766 1237; x_wconf 89' lang='lat' dir='ltr'>dictio</span> <span class='ocrx_word' id='word_1_146' title='bbox 809 1199 979 1237; x_wconf 88' lang='lat' dir='ltr'>ornatior</span> <span class='ocrx_word' id='word_1_147' title='bbox 1010 1212 1126 1249; x_wconf 90' lang='lat' dir='ltr'>quam</span> <span class='ocrx_word' id='word_1_148' title='bbox 1160 1199 1332 1237; x_wconf 85' lang='lat' dir='ltr'>Latinior</span> <span class='ocrx_word' id='word_1_149' title='bbox 1363 1199 1416 1236; x_wconf 95' lang='lat' dir='ltr'>illi</span> <span class='ocrx_word' id='word_1_150' title='bbox 1448 1199 1593 1237; x_wconf 89' lang='lat' dir='ltr'>Critico</span> 
     </span>
     <span class='ocr_line' id='line_1_17' title="bbox 130 1262 1592 1314; baseline -0.001 -14"><span class='ocrx_word' id='word_1_151' title='bbox 130 1263 348 1310; x_wconf 84' lang='lat' dir='ltr'>videbatur,</span> <span class='ocrx_word' id='word_1_152' title='bbox 388 1264 454 1314; x_wconf 90' lang='lat' dir='ltr'>qui</span> <span class='ocrx_word' id='word_1_153' title='bbox 486 1263 783 1302; x_wconf 88' lang='lat' dir='ltr'>Patavinitatem</span> <span class='ocrx_word' id='word_1_154' title='bbox 819 1264 858 1301; x_wconf 91' lang='lat' dir='ltr'>in</span> <span class='ocrx_word' id='word_1_155' title='bbox 890 1277 935 1301; x_wconf 88' lang='lat' dir='ltr'>eo</span> <span class='ocrx_word' id='word_1_156' title='bbox 968 1262 1329 1307; x_wconf 89' lang='lat' dir='ltr'>animadvertebat;</span> <span class='ocrx_word' id='word_1_157' title='bbox 1360 1269 1397 1300; x_wconf 88' lang='lat' dir='ltr'>et</span> <span class='ocrx_word' id='word_1_158' title='bbox 1434 1262 1592 1313; x_wconf 87' lang='lat' dir='ltr'>quidem</span> 
     </span>
     <span class='ocr_line' id='line_1_18' title="bbox 131 1326 1593 1378; baseline -0.001 -13"><span class='ocrx_word' id='word_1_159' title='bbox 131 1327 451 1377; x_wconf 84' lang='lat' dir='ltr'>fortassejustius</span> <span class='ocrx_word' id='word_1_160' title='bbox 479 1341 596 1378; x_wconf 88' lang='lat' dir='ltr'>quam</span> <span class='ocrx_word' id='word_1_161' title='bbox 627 1328 664 1372; x_wconf 90' lang='lat' dir='ltr'>ii,</span> <span class='ocrx_word' id='word_1_162' title='bbox 713 1327 778 1377; x_wconf 90' lang='lat' dir='ltr'>qui</span> <span class='ocrx_word' id='word_1_163' title='bbox 811 1326 986 1372; x_wconf 89' lang='lat' dir='ltr'>militem,</span> <span class='ocrx_word' id='word_1_164' title='bbox 1022 1327 1090 1376; x_wconf 90' lang='lat' dir='ltr'>qui</span> <span class='ocrx_word' id='word_1_165' title='bbox 1125 1326 1280 1377; x_wconf 90' lang='lat' dir='ltr'>scripsit</span> <span class='ocrx_word' id='word_1_166' title='bbox 1311 1326 1472 1364; x_wconf 88' lang='lat' dir='ltr'>diarium</span> <span class='ocrx_word' id='word_1_167' title='bbox 1502 1326 1593 1363; x_wconf 91' lang='lat' dir='ltr'>belli</span> 
     </span>
     <span class='ocr_line' id='line_1_19' title="bbox 135 1389 1591 1441; baseline 0 -13"><span class='ocrx_word' id='word_1_168' title='bbox 135 1391 350 1441; x_wconf 88' lang='lat' dir='ltr'>Hispanici,</span> <span class='ocrx_word' id='word_1_169' title='bbox 374 1392 578 1430; x_wconf 88' lang='lat' dir='ltr'>barbarum</span> <span class='ocrx_word' id='word_1_170' title='bbox 602 1397 757 1429; x_wconf 85' lang='lat' dir='ltr'>vocant:</span> <span class='ocrx_word' id='word_1_171' title='bbox 780 1404 869 1429; x_wconf 87' lang='lat' dir='ltr'>cum</span> <span class='ocrx_word' id='word_1_172' title='bbox 890 1399 1017 1429; x_wconf 88' lang='lat' dir='ltr'>tamen</span> <span class='ocrx_word' id='word_1_173' title='bbox 1038 1404 1084 1429; x_wconf 92' lang='lat' dir='ltr'>eo</span> <span class='ocrx_word' id='word_1_174' title='bbox 1105 1391 1290 1441; x_wconf 88' lang='lat' dir='ltr'>scriptore</span> <span class='ocrx_word' id='word_1_175' title='bbox 1305 1390 1398 1428; x_wconf 89' lang='lat' dir='ltr'>nihil</span> <span class='ocrx_word' id='word_1_176' title='bbox 1419 1389 1591 1428; x_wconf 81' lang='lat' dir='ltr'>Latinius</span> 
     </span>
     <span class='ocr_line' id='line_1_20' title="bbox 134 1454 1592 1506; baseline -0.001 -14"><span class='ocrx_word' id='word_1_177' title='bbox 134 1454 291 1505; x_wconf 89' lang='lat' dir='ltr'>concipi</span> <span class='ocrx_word' id='word_1_178' title='bbox 310 1456 450 1506; x_wconf 88' lang='lat' dir='ltr'>possit.</span> <span class='ocrx_word' id='word_1_179' title='bbox 506 1456 582 1494; x_wconf 88' lang='lat' dir='ltr'>Sed</span> <span class='ocrx_word' id='word_1_180' title='bbox 606 1455 759 1493; x_wconf 85' lang='lat' dir='ltr'>horride</span> <span class='ocrx_word' id='word_1_181' title='bbox 780 1455 887 1505; x_wconf 88' lang='lat' dir='ltr'>loqui</span> <span class='ocrx_word' id='word_1_182' title='bbox 908 1456 1027 1494; x_wconf 87' lang='lat' dir='ltr'>ullum</span> <span class='ocrx_word' id='word_1_183' title='bbox 1048 1455 1220 1500; x_wconf 88' lang='lat' dir='ltr'>militem,</span> <span class='ocrx_word' id='word_1_184' title='bbox 1254 1468 1368 1505; x_wconf 88' lang='lat' dir='ltr'>quem</span> <span class='ocrx_word' id='word_1_185' title='bbox 1390 1454 1592 1492; x_wconf 87' lang='lat' dir='ltr'>horridum</span> 
     </span>
     <span class='ocr_line' id='line_1_21' title="bbox 131 1518 1594 1570; baseline -0.001 -13"><span class='ocrx_word' id='word_1_186' title='bbox 131 1525 274 1557; x_wconf 89' lang='lat' dir='ltr'>vocant</span> <span class='ocrx_word' id='word_1_187' title='bbox 292 1524 429 1570; x_wconf 81' lang='lat' dir='ltr'>po&#39;etae,</span> <span class='ocrx_word' id='word_1_188' title='bbox 464 1532 540 1557; x_wconf 88' lang='lat' dir='ltr'>non</span> <span class='ocrx_word' id='word_1_189' title='bbox 561 1525 639 1557; x_wconf 88' lang='lat' dir='ltr'>tam</span> <span class='ocrx_word' id='word_1_190' title='bbox 661 1519 798 1557; x_wconf 88' lang='lat' dir='ltr'>mirum</span> <span class='ocrx_word' id='word_1_191' title='bbox 819 1519 938 1557; x_wconf 81' lang='lat' dir='ltr'>videri</span> <span class='ocrx_word' id='word_1_192' title='bbox 956 1519 1088 1565; x_wconf 86' lang='lat' dir='ltr'>debet,</span> <span class='ocrx_word' id='word_1_193' title='bbox 1111 1532 1224 1569; x_wconf 83' lang='lat' dir='ltr'>quam</span> <span class='ocrx_word' id='word_1_194' title='bbox 1245 1526 1380 1569; x_wconf 86' lang='lat' dir='ltr'>putare</span> <span class='ocrx_word' id='word_1_195' title='bbox 1400 1518 1488 1556; x_wconf 87' lang='lat' dir='ltr'>ideo</span> <span class='ocrx_word' id='word_1_196' title='bbox 1509 1518 1594 1556; x_wconf 86' lang='lat' dir='ltr'>bar·</span> 
     </span>
     <span class='ocr_line' id='line_1_22' title="bbox 132 1582 1591 1634; baseline -0.001 -13"><span class='ocrx_word' id='word_1_197' title='bbox 132 1583 220 1621; x_wconf 89' lang='lat' dir='ltr'>bare</span> <span class='ocrx_word' id='word_1_198' title='bbox 240 1583 359 1634; x_wconf 89' lang='lat' dir='ltr'>loqui,</span> <span class='ocrx_word' id='word_1_199' title='bbox 381 1583 486 1634; x_wconf 89' lang='lat' dir='ltr'>quod</span> <span class='ocrx_word' id='word_1_200' title='bbox 507 1583 733 1622; x_wconf 88' lang='lat' dir='ltr'>incondite.’</span> <span class='ocrx_word' id='word_1_201' title='bbox 787 1583 884 1621; x_wconf 89' lang='lat' dir='ltr'>Haec</span> <span class='ocrx_word' id='word_1_202' title='bbox 906 1584 996 1621; x_wconf 87' lang='lat' dir='ltr'>satis</span> <span class='ocrx_word' id='word_1_203' title='bbox 1016 1583 1203 1629; x_wconf 87' lang='lat' dir='ltr'>indicant,</span> <span class='ocrx_word' id='word_1_204' title='bbox 1237 1582 1329 1633; x_wconf 86' lang='lat' dir='ltr'>quid</span> <span class='ocrx_word' id='word_1_205' title='bbox 1350 1583 1591 1620; x_wconf 88' lang='lat' dir='ltr'>sentiendum</span> 
     </span>
     <span class='ocr_line' id='line_1_23' title="bbox 131 1646 1595 1699; baseline -0.001 -14"><span class='ocrx_word' id='word_1_206' title='bbox 131 1647 178 1685; x_wconf 89' lang='lat' dir='ltr'>sit</span> <span class='ocrx_word' id='word_1_207' title='bbox 196 1647 245 1685; x_wconf 91' lang='lat' dir='ltr'>de</span> <span class='ocrx_word' id='word_1_208' title='bbox 263 1648 350 1685; x_wconf 92' lang='lat' dir='ltr'>stilo</span> <span class='ocrx_word' id='word_1_209' title='bbox 370 1648 549 1699; x_wconf 70' lang='lat' dir='ltr'>anonymi</span> <span class='ocrx_word' id='word_1_210' title='bbox 568 1648 697 1698; x_wconf 87' lang='lat' dir='ltr'>hujus,</span> <span class='ocrx_word' id='word_1_211' title='bbox 733 1659 848 1697; x_wconf 89' lang='lat' dir='ltr'>quem</span> <span class='ocrx_word' id='word_1_212' title='bbox 867 1646 1032 1684; x_wconf 85' lang='lat' dir='ltr'>fortasse</span> <span class='ocrx_word' id='word_1_213' title='bbox 1053 1646 1226 1697; x_wconf 86' lang='lat' dir='ltr'>Oppium</span> <span class='ocrx_word' id='word_1_214' title='bbox 1247 1659 1327 1684; x_wconf 89' lang='lat' dir='ltr'>esse</span> <span class='ocrx_word' id='word_1_215' title='bbox 1348 1646 1595 1695; x_wconf 86' lang='lat' dir='ltr'>conjectaba-</span> 
     </span>
     <span class='ocr_line' id='line_1_24' title="bbox 130 1710 1591 1761; baseline -0.001 -12"><span class='ocrx_word' id='word_1_216' title='bbox 130 1724 230 1749; x_wconf 90' lang='lat' dir='ltr'>mus.</span> <span class='ocrx_word' id='word_1_217' title='bbox 287 1712 389 1757; x_wconf 91' lang='lat' dir='ltr'>Nec‚</span> <span class='ocrx_word' id='word_1_218' title='bbox 425 1712 454 1749; x_wconf 87' lang='lat' dir='ltr'>si</span> <span class='ocrx_word' id='word_1_219' title='bbox 474 1712 586 1749; x_wconf 86' lang='lat' dir='ltr'>aliter</span> <span class='ocrx_word' id='word_1_220' title='bbox 604 1711 665 1757; x_wconf 91' lang='lat' dir='ltr'>sit,</span> <span class='ocrx_word' id='word_1_221' title='bbox 700 1711 846 1749; x_wconf 89' lang='lat' dir='ltr'>idcirco</span> <span class='ocrx_word' id='word_1_222' title='bbox 867 1711 998 1761; x_wconf 85' lang='lat' dir='ltr'>Oppio</span> <span class='ocrx_word' id='word_1_223' title='bbox 1020 1711 1083 1748; x_wconf 89' lang='lat' dir='ltr'>hic</span> <span class='ocrx_word' id='word_1_224' title='bbox 1104 1723 1180 1747; x_wconf 89' lang='lat' dir='ltr'>non</span> <span class='ocrx_word' id='word_1_225' title='bbox 1208 1710 1323 1747; x_wconf 88' lang='lat' dir='ltr'>fuerit</span> <span class='ocrx_word' id='word_1_226' title='bbox 1347 1711 1473 1748; x_wconf 90' lang='lat' dir='ltr'>locus.</span> <span class='ocrx_word' id='word_1_227' title='bbox 1531 1710 1591 1748; x_wconf 87' lang='lat' dir='ltr'>Si-</span> 
     </span>
     <span class='ocr_line' id='line_1_25' title="bbox 133 1774 1590 1825; baseline -0.001 -12"><span class='ocrx_word' id='word_1_228' title='bbox 133 1776 290 1825; x_wconf 90' lang='lat' dir='ltr'>quidem</span> <span class='ocrx_word' id='word_1_229' title='bbox 310 1782 348 1814; x_wconf 91' lang='lat' dir='ltr'>et</span> <span class='ocrx_word' id='word_1_230' title='bbox 367 1776 461 1814; x_wconf 89' lang='lat' dir='ltr'>vitas</span> <span class='ocrx_word' id='word_1_231' title='bbox 482 1775 686 1814; x_wconf 83' lang='lat' dir='ltr'>illustrium</span> <span class='ocrx_word' id='word_1_232' title='bbox 706 1775 873 1813; x_wconf 85' lang='lat' dir='ltr'>virorum</span> <span class='ocrx_word' id='word_1_233' title='bbox 895 1774 1112 1812; x_wconf 81' lang='lat' dir='ltr'>condidisse</span> <span class='ocrx_word' id='word_1_234' title='bbox 1128 1774 1216 1812; x_wconf 92' lang='lat' dir='ltr'>iude</span> <span class='ocrx_word' id='word_1_235' title='bbox 1233 1774 1461 1824; x_wconf 85' lang='lat' dir='ltr'>colligimus,</span> <span class='ocrx_word' id='word_1_236' title='bbox 1483 1774 1590 1824; x_wconf 87' lang='lat' dir='ltr'>quod</span> 
     </span>
     <span class='ocr_line' id='line_1_26' title="bbox 134 1837 1590 1884; baseline -0.001 -7"><span class='ocrx_word' id='word_1_237' title='bbox 134 1840 170 1877; x_wconf 91' lang='lat' dir='ltr'>in</span> <span class='ocrx_word' id='word_1_238' title='bbox 191 1840 267 1878; x_wconf 86' lang='lat' dir='ltr'>vita</span> <span class='ocrx_word' id='word_1_239' title='bbox 287 1840 410 1878; x_wconf 89' lang='lat' dir='ltr'>Cassii</span> <span class='ocrx_word' id='word_1_240' title='bbox 430 1853 517 1877; x_wconf 88' lang='lat' dir='ltr'>eum</span> <span class='ocrx_word' id='word_1_241' title='bbox 550 1840 644 1877; x_wconf 89' lang='lat' dir='ltr'>citat</span> <span class='ocrx_word' id='word_1_242' title='bbox 677 1839 871 1877; x_wconf 85' lang='lat' dir='ltr'>Charisius</span> <span class='ocrx_word' id='word_1_243' title='bbox 890 1854 900 1884; x_wconf 90' lang='lat'>;</span> <span class='ocrx_word' id='word_1_244' title='bbox 930 1839 1020 1877; x_wconf 91' lang='lat' dir='ltr'>item</span> <span class='ocrx_word' id='word_1_245' title='bbox 1041 1839 1080 1876; x_wconf 92' lang='lat' dir='ltr'>in</span> <span class='ocrx_word' id='word_1_246' title='bbox 1101 1839 1177 1876; x_wconf 88' lang='lat' dir='ltr'>vita</span> <span class='ocrx_word' id='word_1_247' title='bbox 1208 1845 1246 1876; x_wconf 90' lang='lat' dir='ltr'>et</span> <span class='ocrx_word' id='word_1_248' title='bbox 1279 1839 1393 1876; x_wconf 88' lang='lat' dir='ltr'>rebus</span> <span class='ocrx_word' id='word_1_249' title='bbox 1416 1837 1590 1876; x_wconf 78' lang='lat' dir='ltr'>Africani</span> 
     </span>
     <span class='ocr_line' id='line_1_27' title="bbox 133 1902 1589 1954; baseline -0.001 -13"><span class='ocrx_word' id='word_1_250' title='bbox 133 1903 338 1954; x_wconf 87' lang='lat' dir='ltr'>superioris</span> <span class='ocrx_word' id='word_1_251' title='bbox 356 1917 365 1942; x_wconf 75' lang='grc' dir='ltr'><strong>ε</strong></span> <span class='ocrx_word' id='word_1_252' title='bbox 387 1903 491 1941; x_wconf 91' lang='lat' dir='ltr'>unde</span> <span class='ocrx_word' id='word_1_253' title='bbox 511 1909 548 1940; x_wconf 92' lang='lat' dir='ltr'>et</span> <span class='ocrx_word' id='word_1_254' title='bbox 567 1902 793 1940; x_wconf 89' lang='lat' dir='ltr'>admiranda</span> <span class='ocrx_word' id='word_1_255' title='bbox 813 1902 994 1952; x_wconf 72' lang='lat' dir='ltr'>quaedam</span> <span class='ocrx_word' id='word_1_256' title='bbox 1013 1903 1162 1941; x_wconf 89' lang='lat' dir='ltr'>Gellius</span> <span class='ocrx_word' id='word_1_257' title='bbox 1184 1908 1311 1939; x_wconf 88' lang='lat' dir='ltr'>narrat</span> <span class='ocrx_word' id='word_1_258' title='bbox 1332 1902 1452 1939; x_wconf 83' lang='lat' dir='ltr'>Attic.</span> <span class='ocrx_word' id='word_1_259' title='bbox 1472 1903 1589 1940; x_wconf 79' lang='lat' dir='ltr'>Noct.</span> 
     </span>
     <span class='ocr_line' id='line_1_28' title="bbox 131 1965 1589 2017; baseline 0.001 -14"><span class='ocrx_word' id='word_1_260' title='bbox 131 1978 213 2006; x_wconf 91' lang='lat' dir='ltr'>v11.</span> <span class='ocrx_word' id='word_1_261' title='bbox 240 1973 274 2006; x_wconf 93' lang='grc'>1.</span> <span class='ocrx_word' id='word_1_262' title='bbox 334 1967 461 2005; x_wconf 88' lang='lat' dir='ltr'>Etiam</span> <span class='ocrx_word' id='word_1_263' title='bbox 489 1968 538 2005; x_wconf 91' lang='lat' dir='ltr'>de</span> <span class='ocrx_word' id='word_1_264' title='bbox 559 1967 637 2005; x_wconf 88' lang='lat' dir='ltr'>vita</span> <span class='ocrx_word' id='word_1_265' title='bbox 658 1968 704 2004; x_wconf 93' lang='lat' dir='ltr'>C.</span> <span class='ocrx_word' id='word_1_266' title='bbox 728 1967 842 2004; x_wconf 86' lang='lat' dir='ltr'>Marii</span> <span class='ocrx_word' id='word_1_267' title='bbox 861 1967 994 2017; x_wconf 86' lang='lat' dir='ltr'>egisse,</span> <span class='ocrx_word' id='word_1_268' title='bbox 1025 1965 1243 2011; x_wconf 85' lang='lat' dir='ltr'>ostendunt,</span> <span class='ocrx_word' id='word_1_269' title='bbox 1265 1979 1352 2015; x_wconf 86' lang='lat' dir='ltr'>quae</span> <span class='ocrx_word' id='word_1_270' title='bbox 1374 1965 1520 2004; x_wconf 88' lang='lat' dir='ltr'>Plinius</span> <span class='ocrx_word' id='word_1_271' title='bbox 1542 1979 1589 2004; x_wconf 87' lang='lat' dir='ltr'>ex</span> 
     </span>
     <span class='ocr_line' id='line_1_29' title="bbox 129 2030 1590 2082; baseline -0.002 -12"><span class='ocrx_word' id='word_1_272' title='bbox 129 2044 176 2070; x_wconf 89' lang='lat' dir='ltr'>eo</span> <span class='ocrx_word' id='word_1_273' title='bbox 197 2031 312 2070; x_wconf 86' lang='lat' dir='ltr'>refert</span> <span class='ocrx_word' id='word_1_274' title='bbox 333 2032 435 2070; x_wconf 86' lang='lat' dir='ltr'>Hist.</span> <span class='ocrx_word' id='word_1_275' title='bbox 458 2032 550 2070; x_wconf 84' lang='lat' dir='ltr'>Nat.</span> <span class='ocrx_word' id='word_1_276' title='bbox 572 2042 638 2069; x_wconf 84' lang='lat' dir='ltr'>xl.</span> <span class='ocrx_word' id='word_1_277' title='bbox 660 2037 725 2074; x_wconf 79' lang='lat'>45.</span> <span class='ocrx_word' id='word_1_278' title='bbox 744 2045 754 2076; x_wconf 92' lang='lat'>;</span> <span class='ocrx_word' id='word_1_279' title='bbox 784 2032 873 2070; x_wconf 88' lang='lat' dir='ltr'>item</span> <span class='ocrx_word' id='word_1_280' title='bbox 893 2032 941 2069; x_wconf 93' lang='lat' dir='ltr'>de</span> <span class='ocrx_word' id='word_1_281' title='bbox 962 2031 1041 2070; x_wconf 76' lang='lat' dir='ltr'>vita</span> <span class='ocrx_word' id='word_1_282' title='bbox 1060 2032 1133 2070; x_wconf 89' lang='lat' dir='ltr'>Cn.</span> <span class='ocrx_word' id='word_1_283' title='bbox 1155 2031 1341 2082; x_wconf 89' lang='lat' dir='ltr'>Pompeii,</span> <span class='ocrx_word' id='word_1_284' title='bbox 1363 2030 1465 2068; x_wconf 89' lang='lat' dir='ltr'>unde</span> <span class='ocrx_word' id='word_1_285' title='bbox 1481 2043 1590 2080; x_wconf 86' lang='lat' dir='ltr'>quae-</span> 
     </span>
     <span class='ocr_line' id='line_1_30' title="bbox 131 2093 1593 2146; baseline -0.001 -14"><span class='ocrx_word' id='word_1_286' title='bbox 131 2095 220 2132; x_wconf 88' lang='lat' dir='ltr'>dam</span> <span class='ocrx_word' id='word_1_287' title='bbox 240 2095 402 2134; x_wconf 90' lang='lat' dir='ltr'>adducit</span> <span class='ocrx_word' id='word_1_288' title='bbox 426 2096 654 2134; x_wconf 89' lang='lat' dir='ltr'>Plutarchus</span> <span class='ocrx_word' id='word_1_289' title='bbox 674 2096 714 2132; x_wconf 90' lang='lat' dir='ltr'>in</span> <span class='ocrx_word' id='word_1_290' title='bbox 733 2095 942 2146; x_wconf 85' lang='lat' dir='ltr'>Pompeio:</span> <span class='ocrx_word' id='word_1_291' title='bbox 973 2095 1040 2133; x_wconf 92' lang='lat' dir='ltr'>sed</span> <span class='ocrx_word' id='word_1_292' title='bbox 1076 2096 1114 2132; x_wconf 92' lang='lat' dir='ltr'>in</span> <span class='ocrx_word' id='word_1_293' title='bbox 1134 2095 1208 2133; x_wconf 89' lang='lat' dir='ltr'>illis</span> <span class='ocrx_word' id='word_1_294' title='bbox 1239 2095 1367 2132; x_wconf 85' lang='lat' dir='ltr'>dubiae</span> <span class='ocrx_word' id='word_1_295' title='bbox 1386 2108 1468 2132; x_wconf 85' lang='lat' dir='ltr'>esse</span> <span class='ocrx_word' id='word_1_296' title='bbox 1499 2093 1593 2132; x_wconf 82' lang='lat' dir='ltr'>fidei</span> 
     </span>
     <span class='ocr_line' id='line_1_31' title="bbox 131 2159 1591 2210; baseline 0 -14"><span class='ocrx_word' id='word_1_297' title='bbox 131 2159 197 2204; x_wconf 88' lang='lat' dir='ltr'>ait,</span> <span class='ocrx_word' id='word_1_298' title='bbox 218 2171 354 2209; x_wconf 90' lang='lat' dir='ltr'>nempe</span> <span class='ocrx_word' id='word_1_299' title='bbox 375 2160 427 2196; x_wconf 90' lang='lat' dir='ltr'>ob</span> <span class='ocrx_word' id='word_1_300' title='bbox 447 2159 576 2197; x_wconf 88' lang='lat' dir='ltr'>odium</span> <span class='ocrx_word' id='word_1_301' title='bbox 598 2159 783 2209; x_wconf 88' lang='lat' dir='ltr'>Pompeii,</span> <span class='ocrx_word' id='word_1_302' title='bbox 816 2164 854 2196; x_wconf 91' lang='lat' dir='ltr'>et</span> <span class='ocrx_word' id='word_1_303' title='bbox 874 2159 1034 2210; x_wconf 78' lang='lat' dir='ltr'>gratiam</span> <span class='ocrx_word' id='word_1_304' title='bbox 1053 2159 1142 2197; x_wconf 90' lang='lat' dir='ltr'>Julii</span> <span class='ocrx_word' id='word_1_305' title='bbox 1163 2159 1342 2197; x_wconf 68' lang='lat' dir='ltr'>Caesaris.</span> <span class='ocrx_word' id='word_1_306' title='bbox 1399 2159 1591 2196; x_wconf 77' lang='lat' dir='ltr'>Praeterea</span> 
     </span>
     <span class='ocr_line' id='line_1_32' title="bbox 130 2222 1591 2273; baseline -0.001 -13"><span class='ocrx_word' id='word_1_307' title='bbox 130 2222 271 2260; x_wconf 90' lang='lat' dir='ltr'>librum</span> <span class='ocrx_word' id='word_1_308' title='bbox 292 2223 526 2273; x_wconf 89' lang='lat' dir='ltr'>composuit,</span> <span class='ocrx_word' id='word_1_309' title='bbox 560 2228 570 2243; x_wconf 88' lang='lat'>‘</span> <span class='ocrx_word' id='word_1_310' title='bbox 591 2223 680 2260; x_wconf 86' lang='lat' dir='ltr'>Non</span> <span class='ocrx_word' id='word_1_311' title='bbox 700 2236 782 2261; x_wconf 88' lang='lat' dir='ltr'>esse</span> <span class='ocrx_word' id='word_1_312' title='bbox 804 2224 965 2262; x_wconf 85' lang='lat' dir='ltr'>Caesaris</span> <span class='ocrx_word' id='word_1_313' title='bbox 988 2223 1123 2269; x_wconf 89' lang='lat' dir='ltr'>filium,</span> <span class='ocrx_word' id='word_1_314' title='bbox 1153 2237 1269 2273; x_wconf 84' lang='lat' dir='ltr'>quem</span> <span class='ocrx_word' id='word_1_315' title='bbox 1301 2223 1511 2273; x_wconf 85' lang='lat' dir='ltr'>Cleopatra</span> <span class='ocrx_word' id='word_1_316' title='bbox 1531 2222 1591 2259; x_wconf 90' lang='lat' dir='ltr'>di-</span> 
     </span>
     <span class='ocr_line' id='line_1_33' title="bbox 131 2287 1588 2338; baseline 0.001 -15"><span class='ocrx_word' id='word_1_317' title='bbox 131 2287 232 2330; x_wconf 84' lang='lat' dir='ltr'>cat;&#39;</span> <span class='ocrx_word' id='word_1_318' title='bbox 261 2293 301 2323; x_wconf 95' lang='lat' dir='ltr'>ut</span> <span class='ocrx_word' id='word_1_319' title='bbox 330 2293 466 2324; x_wconf 87' lang='lat' dir='ltr'>auctor</span> <span class='ocrx_word' id='word_1_320' title='bbox 495 2292 551 2324; x_wconf 90' lang='lat' dir='ltr'>est</span> <span class='ocrx_word' id='word_1_321' title='bbox 585 2287 790 2326; x_wconf 86' lang='lat' dir='ltr'>Suetonius</span> <span class='ocrx_word' id='word_1_322' title='bbox 822 2287 860 2324; x_wconf 91' lang='lat' dir='ltr'>in</span> <span class='ocrx_word' id='word_1_323' title='bbox 881 2288 981 2325; x_wconf 86' lang='lat' dir='ltr'>Caes.</span> <span class='ocrx_word' id='word_1_324' title='bbox 1009 2301 1096 2338; x_wconf 87' lang='lat' dir='ltr'>cap.</span> <span class='ocrx_word' id='word_1_325' title='bbox 1119 2293 1183 2327; x_wconf 68' lang='lat'>5¹2.</span> <span class='ocrx_word' id='word_1_326' title='bbox 1241 2287 1411 2325; x_wconf 90' lang='lat' dir='ltr'>Dubium</span> <span class='ocrx_word' id='word_1_327' title='bbox 1446 2294 1588 2332; x_wconf 86' lang='lat' dir='ltr'>autem,</span> 
     </span>
     <span class='ocr_line' id='line_1_34' title="bbox 130 2351 1590 2402; baseline 0.001 -15"><span class='ocrx_word' id='word_1_328' title='bbox 130 2362 238 2395; x_wconf 89' lang='lat' dir='ltr'>eone,</span> <span class='ocrx_word' id='word_1_329' title='bbox 271 2363 321 2388; x_wconf 87' lang='lat' dir='ltr'>au</span> <span class='ocrx_word' id='word_1_330' title='bbox 341 2351 473 2395; x_wconf 88' lang='lat' dir='ltr'>altero,</span> <span class='ocrx_word' id='word_1_331' title='bbox 504 2351 678 2389; x_wconf 87' lang='lat' dir='ltr'>retulerit</span> <span class='ocrx_word' id='word_1_332' title='bbox 706 2352 817 2397; x_wconf 86' lang='lat' dir='ltr'>libro,</span> <span class='ocrx_word' id='word_1_333' title='bbox 854 2352 958 2402; x_wconf 90' lang='lat' dir='ltr'>quod</span> <span class='ocrx_word' id='word_1_334' title='bbox 981 2353 1152 2402; x_wconf 89' lang='lat' dir='ltr'>sequitur</span> <span class='ocrx_word' id='word_1_335' title='bbox 1171 2352 1296 2402; x_wconf 87' lang='lat' dir='ltr'>capite</span> <span class='ocrx_word' id='word_1_336' title='bbox 1326 2365 1408 2402; x_wconf 85' lang='lat' dir='ltr'>seq.</span> <span class='ocrx_word' id='word_1_337' title='bbox 1441 2356 1450 2371; x_wconf 94' lang='lat'>‘</span> <span class='ocrx_word' id='word_1_338' title='bbox 1474 2351 1590 2388; x_wconf 82' lang='lat' dir='ltr'>Circa</span> 
     </span>
     <span class='ocr_line' id='line_1_35' title="bbox 133 2413 1588 2466; baseline 0.001 -16"><span class='ocrx_word' id='word_1_339' title='bbox 133 2413 276 2451; x_wconf 85' lang='lat' dir='ltr'>victum</span> <span class='ocrx_word' id='word_1_340' title='bbox 310 2416 357 2452; x_wconf 91' lang='lat' dir='ltr'>C.</span> <span class='ocrx_word' id='word_1_341' title='bbox 378 2415 533 2466; x_wconf 87' lang='lat' dir='ltr'>Oppius</span> <span class='ocrx_word' id='word_1_342' title='bbox 567 2415 665 2453; x_wconf 90' lang='lat' dir='ltr'>adeo</span> <span class='ocrx_word' id='word_1_343' title='bbox 698 2416 981 2454; x_wconf 86' lang='lat' dir='ltr'>indifferentem</span> <span class='ocrx_word' id='word_1_344' title='bbox 1003 2417 1131 2463; x_wconf 88' lang='lat' dir='ltr'>docet,</span> <span class='ocrx_word' id='word_1_345' title='bbox 1155 2423 1193 2454; x_wconf 83' lang='lat' dir='ltr'>ut</span> <span class='ocrx_word' id='word_1_346' title='bbox 1218 2414 1413 2466; x_wconf 66' lang='lat' dir='ltr'>‹juondam</span> <span class='ocrx_word' id='word_1_347' title='bbox 1433 2415 1482 2452; x_wconf 82' lang='lat' dir='ltr'>ab</span> <span class='ocrx_word' id='word_1_348' title='bbox 1504 2418 1588 2452; x_wconf 85' lang='lat' dir='ltr'>hos-</span> 
     </span>
     <span class='ocr_line' id='line_1_36' title="bbox 129 2477 1588 2530; baseline 0.001 -16"><span class='ocrx_word' id='word_1_349' title='bbox 129 2477 210 2528; x_wconf 86' lang='lat' dir='ltr'>pite</span> <span class='ocrx_word' id='word_1_350' title='bbox 231 2478 430 2515; x_wconf 87' lang='lat' dir='ltr'>conditum</span> <span class='ocrx_word' id='word_1_351' title='bbox 462 2478 588 2516; x_wconf 90' lang='lat' dir='ltr'>oleum</span> <span class='ocrx_word' id='word_1_352' title='bbox 620 2493 689 2529; x_wconf 90' lang='lat' dir='ltr'>pro</span> <span class='ocrx_word' id='word_1_353' title='bbox 711 2480 820 2517; x_wconf 90' lang='lat' dir='ltr'>viridi</span> <span class='ocrx_word' id='word_1_354' title='bbox 852 2481 1086 2530; x_wconf 80' lang='lat' dir='ltr'>appositum,</span> <span class='ocrx_word' id='word_1_355' title='bbox 1121 2480 1416 2530; x_wconf 82' lang='lat' dir='ltr'>aspernantibus</span> <span class='ocrx_word' id='word_1_356' title='bbox 1437 2477 1588 2522; x_wconf 77' lang='lat' dir='ltr'>ceteris,</span> 
     </span>
     <span class='ocr_line' id='line_1_37' title="bbox 130 2541 1586 2594; baseline 0 -16"><span class='ocrx_word' id='word_1_357' title='bbox 130 2541 254 2579; x_wconf 88' lang='lat' dir='ltr'>solum</span> <span class='ocrx_word' id='word_1_358' title='bbox 286 2542 397 2579; x_wconf 85' lang='lat' dir='ltr'>ctiam</span> <span class='ocrx_word' id='word_1_359' title='bbox 430 2543 571 2593; x_wconf 85' lang='lat' dir='ltr'>largius</span> <span class='ocrx_word' id='word_1_360' title='bbox 592 2542 697 2581; x_wconf 88' lang='lat' dir='ltr'>dicat</span> <span class='ocrx_word' id='word_1_361' title='bbox 724 2544 932 2593; x_wconf 87' lang='lat' dir='ltr'>appetisse,</span> <span class='ocrx_word' id='word_1_362' title='bbox 968 2557 1015 2581; x_wconf 92' lang='lat' dir='ltr'>ne</span> <span class='ocrx_word' id='word_1_363' title='bbox 1036 2545 1226 2594; x_wconf 77' lang='lat' dir='ltr'>hospitem</span> <span class='ocrx_word' id='word_1_364' title='bbox 1248 2550 1314 2580; x_wconf 87' lang='lat' dir='ltr'>aut</span> <span class='ocrx_word' id='word_1_365' title='bbox 1333 2542 1586 2591; x_wconf 65' lang='lat' dir='ltr'>negligentiae,</span> 
     </span>
     <span class='ocr_line' id='line_1_38' title="bbox 129 2606 1587 2657; baseline 0.001 -14"><span class='ocrx_word' id='word_1_366' title='bbox 129 2611 197 2644; x_wconf 89' lang='lat' dir='ltr'>aut</span> <span class='ocrx_word' id='word_1_367' title='bbox 223 2606 448 2644; x_wconf 83' lang='lat' dir='ltr'>rusticitatis</span> <span class='ocrx_word' id='word_1_368' title='bbox 471 2607 662 2644; x_wconf 79' lang='lat' dir='ltr'>videretur</span> <span class='ocrx_word' id='word_1_369' title='bbox 694 2609 875 2656; x_wconf 61' lang='lat' dir='ltr'>arguere!</span> <span class='ocrx_word' id='word_1_370' title='bbox 933 2609 1047 2645; x_wconf 85' lang='lat' dir='ltr'>Hunc</span> <span class='ocrx_word' id='word_1_371' title='bbox 1070 2609 1116 2645; x_wconf 91' lang='lat' dir='ltr'>C.</span> <span class='ocrx_word' id='word_1_372' title='bbox 1140 2608 1330 2657; x_wconf 88' lang='lat' dir='ltr'>Oppium,</span> <span class='ocrx_word' id='word_1_373' title='bbox 1367 2614 1404 2644; x_wconf 93' lang='lat' dir='ltr'>et</span> <span class='ocrx_word' id='word_1_374' title='bbox 1425 2607 1470 2644; x_wconf 90' lang='lat' dir='ltr'>C.</span> <span class='ocrx_word' id='word_1_375' title='bbox 1493 2607 1587 2644; x_wconf 92' lang='lat' dir='ltr'>Cor-</span> 
     </span>
     <span class='ocr_line' id='line_1_39' title="bbox 129 2668 1587 2720; baseline 0.001 -14"><span class='ocrx_word' id='word_1_376' title='bbox 129 2668 272 2706; x_wconf 87' lang='lat' dir='ltr'>nelium</span> <span class='ocrx_word' id='word_1_377' title='bbox 293 2670 474 2713; x_wconf 85' lang='lat' dir='ltr'>Balbum,</span> <span class='ocrx_word' id='word_1_378' title='bbox 510 2683 568 2707; x_wconf 83' lang='lat' dir='ltr'>res</span> <span class='ocrx_word' id='word_1_379' title='bbox 598 2670 768 2708; x_wconf 88' lang='lat' dir='ltr'>absentis</span> <span class='ocrx_word' id='word_1_380' title='bbox 789 2670 955 2708; x_wconf 81' lang='lat' dir='ltr'>Caesaris</span> <span class='ocrx_word' id='word_1_381' title='bbox 989 2683 1231 2720; x_wconf 83' lang='lat' dir='ltr'>procurasse,</span> <span class='ocrx_word' id='word_1_382' title='bbox 1265 2677 1303 2707; x_wconf 87' lang='lat' dir='ltr'>et</span> <span class='ocrx_word' id='word_1_383' title='bbox 1335 2670 1587 2720; x_wconf 83' lang='lat' dir='ltr'>epistolarum</span> 
     </span>
     <span class='ocr_line' id='line_1_40' title="bbox 129 2731 1585 2784; baseline 0.002 -15"><span class='ocrx_word' id='word_1_384' title='bbox 129 2731 249 2771; x_wconf 85' lang='lat' dir='ltr'>libros</span> <span class='ocrx_word' id='word_1_385' title='bbox 268 2733 316 2771; x_wconf 86' lang='lat' dir='ltr'>ad</span> <span class='ocrx_word' id='word_1_386' title='bbox 336 2747 402 2772; x_wconf 89' lang='lat' dir='ltr'>eos</span> <span class='ocrx_word' id='word_1_387' title='bbox 423 2734 637 2784; x_wconf 86' lang='lat' dir='ltr'>singulariis</span> <span class='ocrx_word' id='word_1_388' title='bbox 658 2735 756 2772; x_wconf 91' lang='lat' dir='ltr'>notis</span> <span class='ocrx_word' id='word_1_389' title='bbox 776 2734 957 2779; x_wconf 85' lang='lat' dir='ltr'>edidisse,</span> <span class='ocrx_word' id='word_1_390' title='bbox 991 2742 1129 2773; x_wconf 86' lang='lat' dir='ltr'>auctor</span> <span class='ocrx_word' id='word_1_391' title='bbox 1159 2740 1216 2772; x_wconf 90' lang='lat' dir='ltr'>est</span> <span class='ocrx_word' id='word_1_392' title='bbox 1237 2734 1385 2773; x_wconf 84' lang='lat' dir='ltr'>Gellius</span> <span class='ocrx_word' id='word_1_393' title='bbox 1408 2745 1524 2773; x_wconf 82' lang='lat' dir='ltr'>xvn.</span> <span class='ocrx_word' id='word_1_394' title='bbox 1545 2741 1585 2780; x_wconf 83' lang='lat'>9.</span> 
     </span>
    </p>
   </div>
   <div class='ocr_carea' id='block_1_3' title="bbox 217 2806 1498 2849">
    <p class='ocr_par' dir='ltr' id='par_1_3' title="bbox 217 2806 1498 2849">
     <span class='ocr_line' id='line_1_41' title="bbox 217 2806 1498 2849; baseline 0.003 -11"><span class='ocrx_word' id='word_1_395' title='bbox 217 2806 330 2849; x_wconf 68' lang='lat' dir='ltr'>Delph.</span> <span class='ocrx_word' id='word_1_396' title='bbox 344 2811 375 2840; x_wconf 77' lang='lat' dir='ltr'>et</span> <span class='ocrx_word' id='word_1_397' title='bbox 395 2809 469 2842; x_wconf 78' lang='lat' dir='ltr'>Var.</span> <span class='ocrx_word' id='word_1_398' title='bbox 487 2809 569 2841; x_wconf 71' lang='lat' dir='ltr'>Clas.</span> <span class='ocrx_word' id='word_1_399' title='bbox 872 2810 952 2843; x_wconf 64' lang='lat' dir='ltr'>ceno.</span> <span class='ocrx_word' id='word_1_400' title='bbox 1423 2813 1444 2841; x_wconf 85' lang='grc'><strong>6</strong></span> <span class='ocrx_word' id='word_1_401' title='bbox 1466 2810 1498 2842; x_wconf 87' lang='lat' dir='ltr'>N</span> 
     </span>
    </p>
   </div>
  </div>
 </body>
</html>
