1872 3104
572 166 614 195 c.
646 165 684 195 s.
717 162 934 193 cAESAms
969 162 1100 193 vrrA.
1452 154 1566 197 1997

109 263 293 314 Πομπηΐῳ
312 260 342 298 δ’
360 259 562 307 ἐπιβιώσας
582 259 623 294 οὒ
649 255 744 294 πολι)
771 259 888 294 πλέον
914 258 1006 294 ἑτῶν
1041 257 1244 305 τεσσάρων·
1275 261 1320 302 ἢν
1348 257 1388 294 δὲ
1416 263 1463 309 τῷ
1491 259 1565 311 βίῳ

107 329 218 364 παντὶ
239 327 359 375 ἀρχὴν
377 325 435 360 καὶ
455 321 681 359 δυναστείαν
706 319 765 358 διὰ
787 319 964 358 κινδύνων
985 324 1167 358 τοσούτων
1197 319 1336 358 διώκων
1366 324 1471 370 μόλις
1504 339 1566 360 κα·

106 391 338 439 τειργάσατο,
359 391 490 431 ταύτης
511 384 618 423 ούδὲν
637 386 692 422 ὅτι
712 389 762 435 μὴ
782 384 943 436 τοῦνομα
965 387 1081 435 μόνον
1101 387 1159 422 καὶ
1179 388 1245 430 τὴν
1265 386 1463 436 ἐπίφθονον
1483 401 1566 435 καρ-

106 455 321 503 πωσάμενος
335 454 344 470 ¹
370 449 480 495 δόξαν
499 452 598 498 παρὰ
619 456 691 486 τῶν
711 452 885 486 πολιτῶν.
926 450 974 486 Ὁ
992 450 1119 499 μέντοι
1138 452 1256 498 μέγας
1276 449 1386 486 αὺτοῦ
1406 447 1565 498 δαίμων,

105 516 136 570 ᾦ
153 519 251 565 παρὰ
271 515 335 553 τὸν
353 513 445 562 βίον
473 515 669 564 ἐχρήσατο,
699 515 758 550 καὶ
786 515 1073 556 τελευτῆσαι-τος
1105 514 1378 558 ἐπηκολούθησε
1413 513 1566 562 τιμωρὸς

105 585 168 618 τοῦ
184 582 310 631 φόνου,
330 577 390 616 διά
411 594 450 616 τε
470 585 536 626 γῆς
555 579 675 623 πάσης
695 580 753 614 καὶ
774 578 962 622 θαλάσσης
983 577 1151 614 ἐλαύνων
1170 578 1228 614 καὶ
1248 578 1458 627 ἀνιχνεύων
1477 578 1566 628 ἄχρι

104 651 166 682 τοῦ
183 641 329 693 μηδένα
355 645 481 679 λιπεῖν
513 649 586 680 τῶν
615 642 902 686 ἀπεκτονότων,2
933 643 1037 678 ἀλλὰ
1069 643 1128 678 καὶ
1162 640 1242 678 τούς
1274 644 1350 678 καθ’
1377 642 1511 685 ὁτιοῦν,
1542 641 1564 686 ἢ

104 708 202 758 χειρὶ
221 714 285 743 τοῦ
305 707 414 755 ἔργου
433 707 617 753 θιγόντας,
638 707 659 750 ἢ
687 707 817 760 γνώμῃ
845 707 1105 756 μετασχόντας
1134 707 1357 751 ἐπεξελθεῖν.
1411 704 1567 756 Θαυμα-

103 772 283 807 σιὼτατον
304 769 345 807 δὲ
371 777 444 808 τῶν
471 772 541 820 μὲν
573 772 812 819 ἀνθρωπίνων
837 771 877 808 τὸ
912 772 992 820 περὶ
1022 771 1204 807 Κάσσιον·
1235 771 1394 814 ἡττηθεὶς
1424 773 1496 820 γὰρ
1521 773 1563 808 έν

104 832 313 879 Φιλίπποις,
336 836 461 886 ἐκείνῳ
482 839 532 886 τῷ
551 833 690 886 ξιφιδίῳ
708 834 911 885 διέφθειρεν
930 835 1075 876 ἑαυτὸν,
1092 831 1121 884 ᾦ
1138 835 1228 870 κατὰ
1246 832 1437 882 Καίσαρος
1458 835 1567 884 ἐχρή-

106 910 208 934 σατο·
237 905 309 935 τῶν
328 898 367 935 δὲ
387 901 498 935 θείων
519 899 538 935 ὅ
557 914 596 935 τε
623 901 744 948 μέγας
771 902 923 946 κομήτης
950 897 1083 947 (ἐφάνη
1097 897 1110 917 ³
1132 897 1204 944 γὰρ
1223 897 1282 932 ἐπὶ
1311 895 1439 934 νύκτας
1471 899 1564 935 ἑπτὰ

104 964 199 1011 μετὰ
218 964 284 1006 τὴν
304 962 495 1010 Καίσαρος
516 964 666 1012 σφαγὴν
686 960 901 1009 διαπρεπὴς,
921 959 983 997 εἶτ’
997 963 1199 1011 ἠφανίσθη)
1233 961 1290 996 καὶ
1319 960 1359 997 τό
1391 963 1471 1009 περὶ
1501 961 1565 999 τὸν

106 1027 211 1069 ἥλιον
244 1027 449 1074 ἀμαύρωμα
482 1031 543 1069 τῆς
574 1026 724 1072 αὒγῆςῐ*

770 1025 898 1061 ”Ολον
918 1027 990 1072 γὰρ
1010 1025 1153 1061 ἐκεῖνον
1177 1023 1241 1060 τὸν
1260 1025 1430 1062 ἐνιαυτὸν
1450 1025 1566 1076 ὠχρὸς

104 1088 175 1139 μὲν
207 1088 226 1124 ὁ
263 1088 387 1125 κύκλος
425 1090 485 1124 καὶ
517 1090 761 1137 μαρμαρυγὰς
790 1090 852 1124 οὐκ
883 1090 983 1138 ἔχων
1010 1089 1228 1131 ἀνέτελλεν,
1259 1087 1415 1137 ἀδρανὲς
1443 1087 1485 1126 δὲ
1505 1091 1565 1126 καὶ

105 1151 243 1189 λεπτὸν
263 1153 324 1189 ἀπ’
345 1154 456 1189 αὐτοῦ
476 1152 600 1205 κατῄει
629 1151 668 1189 τὸ
687 1153 834 1201 θερμόν·
866 1154 958 1188 ὥστε
987 1151 1050 1189 τὸν
1077 1152 1147 1200 μὲν
1179 1153 1271 1199 ἀέρα
1301 1150 1478 1201 δνοφερὸν
1506 1155 1566 1190 καὶ

104 1214 228 1265 βαρύν
247 1218 425 1264 ἀσθενείᾳ
443 1225 505 1261 τῆς
524 1214 775 1263 διακρινούσης
800 1215 911 1252 αὐτὸν
938 1217 1054 1252 ἀλέας
1072 1216 1300 1266 ἐκφέρεσθαι,
1322 1214 1402 1252 τούς
1421 1214 1461 1253 δὲ
1480 1232 1565 1266 καρσ

105 1280 192 1316 ποὺς
212 1281 431 1328 ἡμιπέπτους
451 1281 509 1316 καὶ
529 1281 675 1315 ἀτελεῖς
693 1280 908 1323 ἀπανθῆσαι
930 1280 987 1315 καὶ
1006 1278 1249 1328 παρακμάσαι
1265 1276 1326 1315 διὰ
1341 1280 1408 1322 τὴν
1426 1279 1567 1331 ’ψυχρό-

106 1358 196 1387 τητα
215 1350 278 1379 τοῦ
297 1346 544 1392 περιέχοντος.
600 1340 781 1378 Μάλιστα
809 1339 848 1378 δὲ
880 1341 920 1378 τὸ
953 1341 1095 1392 Βρούτῳ
1124 1343 1332 1391 γενόμενον
1349 1346 1480 1394 φάσμα
1500 1347 1568 1390 τὴν

106 1406 295 1454 Καίσαρος
315 1404 480 1450 ἐδήλωσε
502 1407 652 1456 σφαγὴν
671 1407 713 1442 οὐ
733 1409 941 1453 γενομένην
961 1408 1056 1442 θεοῖς
1075 1407 1247 1454 ἀρεστήν·
1286 1404 1331 1450 ἦν
1351 1405 1391 1443 δὲ
1409 1405 1564 1444 τοιόνδε·

105 1471 258 1517 μέλλων
278 1469 342 1506 τὸν
362 1469 518 1516 στρατὸν
547 1469 584 1513 ἐξ
614 1466 782 1515 Ἀβύδου
800 1467 1047 1515 διαβιβάξειν
1070 1470 1121 1505 εἷς
1149 1472 1215 1513 τὴν
1243 1469 1373 1516 ἑτέραν
1401 1471 1565 1518 ἤπειρον,

106 1532 313 1570 ἀνεπαύετο
347 1532 483 1576 νυκτὸς,
519 1534 641 1580 ὥσπερ
673 1533 808 1577 εἰώθει,
843 1535 938 1569 κατὰ
972 1534 1120 1577 σκηνὴν,
1155 1533 1195 1568 οὐ
1222 1530 1424 1585 καθεύδων,
1462 1534 1566 1570 ἀλλὰ

106 1596 313 1646 φροντίὲων
330 1598 411 1645 περὶ
443 1601 505 1634 τοῦ
537 1599 753 1646 μέλλοντος.
808 1595 981 1643 Λέγεται
1018 1599 1091 1643 γὰρ
1120 1593 1222 1633 οὗτος
1251 1598 1343 1644 ἀνὴρ
1370 1599 1498 1641 ἥκιστα
1520 1596 1564 1644 δὴ

106 1665 179 1696 τῶν
200 1667 415 1708 στρατηγῶν
435 1659 603 1705 ὑπνώδης
623 1662 815 1708 γενέσθαι,
844 1662 902 1697 καὶ
931 1663 1114 1697 πλεῖστον
1140 1661 1257 1711 ἑαυτῷ
1286 1661 1425 1710 χρόνον
1458 1662 1568 1709 ἐγρη·

108 1725 232 1771 γορότι
247 1725 408 1774 χρῆσθαι
424 1728 599 1774 πεφυκώς.
653 1723 788 1774 Ψόφου
818 1723 858 1761 δέ
895 1740 992 1761 τινος
1012 1726 1211 1761 αἰσθέσθαι
1243 1725 1324 1771 περὶ
1356 1726 1422 1767 τὴν
1452 1725 1566 1773 θύραν

107 1785 219 1832 ἔδοξε,
252 1789 310 1823 καὶ
344 1787 429 1835 πρὸς
462 1787 502 1824 τὸ
537 1792 599 1823 τοῦ
628 1786 771 1837 λύχνου
799 1793 870 1835 φῶς
901 1785 970 1832 ἤδη
1004 1790 1301 1838 καταφερομένου
1322 1788 1565 1837 σκεψάμενος,

107 1848 196 1897 ὄψιν
216 1846 295 1886 εἶδε
315 1848 480 1900 φοβερὰν
513 1848 640 1899 ἀνδρὸς
670 1850 825 1900 ἐκφύλου
857 1850 896 1887 τὸ
927 1853 1092 1898 μέγεθος,
1123 1852 1178 1886 καὶ
1207 1853 1380 1901 χαλεποῦ
1401 1851 1439 1887 τὸ
1460 1849 1564 1888 εἶδος.

106 1912 327 1959 Ἐκπλαγεὶς
344 1912 384 1949 δὲ
404 1913 443 1950 τὸ
464 1920 618 1962 πρῶτον,
641 1917 684 1950 ὡς
706 1914 799 1961 ἑώρα
817 1918 910 1962 μήτε
936 1914 1143 1962 πράττοντά
1170 1929 1217 1956 τι,
1236 1914 1329 1961 μήτε
1357 1914 1568 1963 φθεγγόμε-

1451 1977 1568 2014 Ἀπο·

991 2044 1109 2086 ροῦτε,
1143 2039 1286 2089 δαίμων
1317 2041 1432 2077 κακός·
1463 2041 1564 2092 ὄψῃς

109 1990 186 2020 νον,
207 1977 293 2012 ἀλλ’
325 1978 465 2013 ἑστῶτα
500 1980 587 2029 σιγῇ
614 1978 712 2025 παρὰ
742 1979 807 2020 τὴν
837 1979 979 2021 κλίνην,
1009 1977 1143 2026 ἠρώτα,
1160 1976 1260 2014 ὅστις
1279 1977 1395 2013 ἐστίν.

109 2041 267 2085 κρίνεται
287 2037 315 2075 δ’
344 2041 441 2090 αὐτῷ
471 2039 510 2076 τὸ
544 2043 687 2089 φάσμα·
716 2037 763 2076 ‘O
795 2038 867 2085 σὸς,
900 2036 927 2076 ὦ

112 2099 154 2137 δέ
174 2117 221 2150 με
240 2104 322 2150 περὶ
351 2101 567 2140 Φιλίππους.
620 2102 718 2140 Τότε
735 2104 806 2153 μὲν
827 2101 892 2140 οὖν
923 2104 942 2139 ὁ
975 2103 1129 2151 Βροῦτος
1159 2105 1352 2152 εὺθαρσῶς·
1377 2102 1565 2153 ”Οψομαι,

768 2221 907 2253 NOTAE

154 2294 171 2322 l
196 2290 489 2333 Οὗδὲν-καρπωσ.]
512 2293 565 2323 Ne
590 2302 712 2323 annum
740 2293 811 2334 qui-

110 2341 188 2372 dem
218 2346 295 2381 post
325 2341 552 2382 Pompeianos
582 2343 613 2373 in
642 2343 811 2383 Hispania

109 2392 219 2423 victos
234 2392 307 2424 sine
324 2394 412 2424 bello
429 2394 606 2434 imperium
624 2405 798 2426 exercens.

153 2445 173 2472 2
201 2441 444 2482 Ἀπεκτονότων]
483 2444 725 2475 Percussorlnn
755 2455 812 2476 au-

110 2497 180 2524 tem
215 2492 287 2524 fere
322 2503 430 2533 noque
459 2494 604 2524 triennio
637 2496 811 2536 quisquam

111 2543 254 2582 amplius
271 2543 459 2583 supervixit
488 2553 596 2584 neque
619 2555 678 2575 sua
703 2552 811 2576 morte

109 2591 291 2624 defunctus
320 2592 526 2624 est.-Alius
550 2595 616 2625 alio
633 2595 732 2625 modo
757 2605 812 2635 pe-

111 2641 189 2673 riit:
228 2652 307 2683 pars
333 2642 524 2683 naustagio,
560 2654 638 2684 pars
668 2645 810 2684 praelio3

111 2693 264 2724 nonnulli
289 2696 397 2725 semet
426 2693 545 2725 eodem
572 2694 629 2725 illo
653 2695 812 2735 pugione,

865 2304 930 2335 quo
948 2295 1118 2326 Caesarem
1146 2295 1368 2333 violaverant,
1385 2295 1566 2327 intereme—

864 2351 955 2376 runt.
992 2347 1089 2377 Suet.
1114 2356 1144 2378 c.
1172 2349 1236 2386 89„
1263 2346 1318 2377 ubi
1337 2346 1413 2377 vide
1441 2347 1566 2378 Casan·

865 2395 1002 2426 bonum.

907 2447 926 2475 3
949 2443 1079 2486 Ἐφάνη]
1106 2445 1194 2485 Ipsis
1222 2445 1320 2483 ludis,
1345 2455 1428 2486 qnos
1457 2445 1565 2485 primo

866 2502 1081 2527 consecratos
1107 2496 1136 2526 ei
1161 2496 1270 2526 haeres
1293 2496 1468 2535 Augustus
1489 2495 1568 2527 ede-

867 2544 937 2575 bat.

908 2597 928 2624 4
950 2593 992 2624 Τὸ
1016 2593 1084 2633 περὶ
1106 2594 1161 2624 τὸν
1185 2594 1298 2634 ἥλ.-]
1322 2596 1377 2626 De
1400 2595 1462 2626 hoc
1486 2595 1566 2627 solis

868 2644 960 2685 quasi
975 2643 1113 2675 defectu
1129 2645 1197 2674 vid.
1211 2645 1306 2684 Virg.
1323 2645 1390 2676 Ge.
1407 2655 1432 2677 1.
1447 2648 1522 2677 466.

908 2698 926 2725 5
944 2693 1044 2735 '‘Oxpy]
1067 2694 1133 2725 Ms.
1150 2694 1231 2727 Par.
1248 2693 1326 2735 ὄψει.
