1872 3104
252 187 267 227 l
898 188 1055 220 mnEx

295 288 351 320 Sic
367 289 542 320 testamenti
557 287 660 326 factio
675 290 711 318 et
727 286 804 317 alia.

254 332 422 371 Diducere,
450 331 482 362 in
506 336 621 372 partes
644 329 785 371 exiguas
801 325 951 359 dividere

298 374 332 406 G
347 374 395 413 iii,
410 376 465 405 23.

254 416 426 457 Differtus,
442 416 563 456 passim
581 416 731 455 repletus
748 414 775 446 C
792 413 838 451 iii,
853 415 905 443 32.

253 459 404 508 Difficilis
417 458 543 497 (aditu)
555 459 644 497 palus
659 458 690 488 G
708 456 766 495 vii,
784 458 834 486 19.

255 502 437 540 Diyudicata
456 499 602 538 fortuna,
613 509 679 530 non
695 499 837 539 amplius
852 495 954 528 dubia

298 549 333 574 et
349 551 474 581 anceps
491 542 518 572 C
535 541 568 580 ii,
584 544 636 572 32.

256 586 400 617 Dilectus
415 583 550 614 militum
566 583 597 614 G
615 583 658 619 vi,
685 585 714 613 l.
737 582 765 613 C
781 582 804 621 i,
825 584 855 613 6.
900 580 954 612 Ita

297 626 368 657 fere
385 625 485 656 codd.
509 625 666 664 Caesaris,
681 633 759 662 non,
774 625 917 654 delectus.

255 668 432 699 Dimittere
444 667 656 708 principatum
673 666 703 698 G
729 666 773 704 vi,
803 668 854 696 12.
887 675 957 696 auc-

296 711 457 742 toritatem
472 709 529 741 Af.
543 713 596 741 48.
640 708 784 749 oppidum
796 708 828 739 G
841 706 909 745 viii,
923 711 955 738 5.

296 763 382 794 spem
397 753 424 784 C
441 752 465 791 i,
491 755 545 783 73.
583 751 623 783 In
639 751 690 782 his
704 750 787 782 locis
803 754 855 781 est
867 749 957 780 idem

298 795 388 837 quod
415 794 570 826 amittere.
607 792 659 826 Cf.
679 793 751 824 Cic.
767 792 872 824 Tusc.
888 791 910 831 i,
925 794 957 829 6,

299 841 333 869 6.
377 842 474 868 morte
489 837 636 875 fortunas
650 836 819 868 dimittere.
853 833 959 866 dimit-

298 883 365 911 tere
379 880 651 920 oppugnationem,
668 878 838 917 omittere,
860 876 959 907 relin-

300 932 403 964 quere
421 922 453 954 G
471 922 529 961 vii,
553 925 606 954 17.
630 923 658 953 C
685 921 732 960 iii,
757 924 811 952 73.
855 919 960 950 dimit-

299 968 366 996 tere
381 965 477 1004 ripas,
504 964 708 1005 relinquere,
737 963 778 994 ab
795 962 836 992 iis
852 962 960 993 disce-

300 1007 384 1038 dere
401 1008 433 1038 G
451 1017 484 1046 v,
501 1010 554 1038 18.
595 1007 754 1037 dimittere
768 1004 962 1036 iracundiam

300 1049 507 1090 Reipublicoe‚
544 1049 615 1089 ejus
652 1057 755 1080 causa
789 1047 963 1087 deponere

301 1091 366 1122 iras
384 1092 410 1122 C
426 1091 450 1130 i,
466 1095 496 1122 7.

258 1133 408 1165 Directus
422 1135 502 1164 locus
518 1133 545 1164 C
563 1132 586 1172 i,
599 1135 653 1163 45.
690 1132 810 1163 directa
826 1129 912 1162 trabs
931 1130 964 1163 G

302 1176 362 1215 vii,
389 1178 442 1206 23.
487 1175 640 1206 directum
655 1174 841 1212 latusfossoe
857 1173 888 1205 G
907 1173 965 1214 vii,

301 1221 357 1249 72.
381 1218 450 1257 viii,
469 1221 500 1249 9.
524 1217 604 1259 (nisi
619 1216 763 1248 fortasse
789 1217 823 1247 in
842 1217 894 1247 his
916 1216 964 1247 lo-

303 1261 354 1292 cis
369 1262 509 1292 derectus
523 1260 705 1300 legendum
722 1258 802 1298 est.)
815 1259 963 1290 directum

302 1303 367 1334 iter
393 1304 421 1335 C
450 1303 498 1342 iii,
525 1305 578 1334 79.
622 1303 742 1333 directa
760 1303 865 1342 platea
881 1300 911 1331 A
928 1301 965 1332 ii.

302 1346 469 1377 Directum
483 1349 550 1384 est,
566 1345 656 1385 quod
674 1345 764 1375 linea
779 1348 873 1375 recta
891 1353 966 1384 pro-

303 1388 412 1419 currit
440 1398 466 1418 s.
499 1386 710 1427 extenditur,
737 1387 867 1426 ger-ade,
897 1389 966 1417 tout

304 1431 413 1466 droit,·
446 1429 506 1461 sed
532 1431 689 1460 derectum
713 1429 844 1468 dicunt,
875 1428 965 1470 quod

303 1471 394 1503 linea
446 1472 725 1513 perpendiculari
776 1471 967 1510 descendit,

303 1515 480 1546 senkrecht.
524 1514 617 1545 Hinc
642 1514 794 1545 directum
815 1523 909 1544 cornu.
932 1514 965 1545 G

303 1558 352 1596 vi,
368 1560 420 1588 26.
465 1560 593 1588 curvato
615 1557 812 1596 opponitur,
837 1560 875 1586 ut
891 1555 965 1586 Cic.

304 1599 352 1630 N.
384 1600 431 1630 D.
460 1599 496 1639 ii,
527 1602 580 1631 57.
634 1599 697 1629 iter
741 1599 894 1628 directum
930 1602 966 1629 et

294 1641 485 1682 flexuosum,
517 1645 552 1672 et
579 1642 704 1681 Veget.
733 1640 775 1671 de
794 1650 821 1672 r.
839 1650 884 1672 m.
915 1640 965 1676 iii,

304 1686 337 1714 6.
381 1683 455 1714 tuba
476 1684 595 1714 directa
616 1687 672 1722 est,
701 1681 831 1713 buccina
856 1683 890 1712 in
917 1691 960 1712 se·

304 1725 533 1765 metflectitur.
556 1725 660 1755 Ovid.
677 1725 819 1755 Metam.
838 1735 861 1762 1,
876 1726 930 1755 98.

264 1766 416 1807 Dirigere
431 1777 534 1807 opera,
560 1767 593 1797 in
611 1766 798 1804 obsidione,
813 1765 918 1797 fossas
935 1776 966 1797 v.

308 1818 339 1840 c.
356 1814 390 1840 et
406 1819 564 1850 aggerem
581 1809 769 1850 producere
794 1808 836 1839 ad
856 1809 967 1840 locum

308 1851 454 1893 aliquem
483 1853 513 1883 G
535 1852 595 1891 vii,
622 1854 675 1883 28.
719 1851 857 1891 dirigere
872 1851 969 1882 aciem

305 1894 389 1924 mira
403 1894 596 1933 longitudine
618 1893 673 1925 Af.
690 1897 742 1925 13.
760 1893 848 1934 quod
870 1905 899 1925 e.
917 1896 967 1924 17.

308 1940 374 1974 est,
399 1937 559 1976 porrigere
573 1937 670 1967 aciem
684 1936 718 1966 in
732 1937 968 1976 longitudinem.

310 1977 409 2008 Conf.
425 1988 454 2009 c.
472 1981 526 2017 51,
548 1981 600 2009 78.

266 2019 444 2059 Discedere,
454 2030 522 2060 spes
534 2020 661 2051 discedit
678 2019 781 2059 alicui,
793 2019 968 2050 evanescit

311 2072 354 2093 ex
371 2063 483 2094 animo
500 2063 532 2094 G
550 2063 586 2102 ii,
601 2065 632 2093 7.

267 2104 479 2178 Βίἕεριαιον,
507 2105 564 2146 qui
587 2105 680 2136 litem
696 2103 837 2144 dirimit,
857 2103 967 2144 judex

359 2147 416 2185 vii,
431 2150 483 2178 37.

267 2187 445 2229 Disciplina
460 2189 617 2220 Druidum
639 2189 671 2220 G
696 2188 741 2227 vi,
764 2191 816 2220 13.
859 2187 969 2220 habere

309 2231 531 2263 incommodum
553 2242 610 2272 pro
640 2231 805 2271 disciplina
832 2233 862 2261 et
888 2241 968 2271 proe-

310 2274 419 2313 ceptis,
448 2283 490 2304 ex
517 2284 557 2305 eo
581 2274 713 2305 discere
737 2273 868 2304 cautius
884 2283 969 2304 mer-

312 2316 384 2346 cari
400 2316 428 2347 C
443 2315 493 2356 iii,
509 2319 559 2348 10.

269 2357 451 2390 Discludere
478 2359 592 2398 trabes,
621 2358 798 2396 distinere,
822 2366 865 2388 ne
890 2367 969 2388 con-

312 2406 457 2441 vergant
474 2402 503 2433 G
523 2402 568 2439 iv,
594 2403 644 2431 17.
690 2410 774 2431 mons
788 2400 841 2430 hos
855 2399 891 2430 ab
908 2400 972 2430 illis

311 2443 471 2516 ‘gscmdit’
494 2443 669 2485 disjungit,
683 2442 903 2474 intermedius
919 2447 971 2473 est

364 2485 422 2525 vii,
438 2489 469 2517 8.

271 2527 437 2559 Discutere
450 2527 550 2559 nivem
564 2529 661 2559 altam
677 2528 708 2560 G
726 2528 783 2567 vii,
798 2530 830 2559 8.

270 2570 427 2609 Disjicere
455 2570 590 2601 omnino
618 2576 671 2601 cst
694 2571 878 2611 conjuncta
904 2569 971 2600 dis-

307 2612 469 2653 jungere,
483 2617 521 2643 ut
535 2613 584 2644 sol
600 2613 706 2644 nubes
721 2613 856 2653 disjicit.
882 2613 972 2643 Hinc

314 2655 457 2692 disjicere
470 2655 568 2686 aciem
584 2655 615 2687 G
633 2655 654 2694 i,
676 2658 728 2687 24.
772 2654 818 2686 cf.
836 2654 972 2695 perfrin-

312 2705 398 2743 gere.
443 2697 589 2737 Diffjecti‚
614 2698 735 2738 sparsi,
763 2698 916 2739 palantes
941 2698 972 2729 G

317 2746 366 2775 ιιι,
388 2741 442 2769 20.
458 2744 494 2769 et
518 2740 586 2778 viii,
613 2743 645 2771 3.
734 2741 882 2771 nondum
905 2740 974 2771 col-

316 2778 411 2811 lecti.
458 2781 602 2818 Disjccta
635 2781 802 2822 pabulatio,
834 2782 900 2812 vid.
931 2781 974 2812 ad

1046 279 1076 311 G
1093 278 1203 319 viii‚7.
1229 275 1368 316 Disiecta
1389 274 1608 318 aedificia‚uon
1623 284 1701 306 con-

1046 322 1189 362 tinuata,
1218 327 1275 352 aut
1304 330 1369 351 uno
1398 320 1471 349 loco
1496 318 1616 358 multa,
1641 317 1700 350 sed

1046 365 1168 405 passim
1185 363 1356 395 aedificata
1372 362 1403 393 G
1422 361 1491 400 viii,
1508 363 1559 392 10.

1005 407 1284 447 Disparproelium,
1299 415 1363 446 quo
1378 404 1510 445 pedites
1521 412 1598 434 cum
1611 400 1703 443 equi-

1048 449 1137 479 tibus
1153 448 1339 488 confligunt
1355 448 1385 479 G
1404 458 1435 486 v,
1453 449 1503 476 16.

1005 491 1190 531 Disparare,
1215 491 1422 531 disjungere,
1438 497 1608 529 separare,
1634 484 1705 516 vid.

1049 533 1090 564 ad
1108 534 1139 564 G
1157 534 1214 571 vii,
1231 536 1283 564 28.

1007 577 1179 616 D1'sponere
1194 575 1354 617 (diversis
1371 574 1479 615 iisque
1497 572 1603 603 certis
1623 569 1707 602 locis

1049 617 1193 659 ponere)
1202 618 1351 659 przesidia
1364 617 1395 648 G
1408 617 1431 656 i,
1445 619 1474 647 8.
1491 614 1579 646 unde
1593 613 1709 654 equites

1048 661 1190 701 dispositi
1206 661 1233 692 C
1251 660 1298 700 iii,
1329 662 1401 691 101.
1447 668 1508 699 per
1526 666 1609 699 quos
1624 664 1708 686 nun·

1049 703 1114 733 tius
1131 701 1282 734 affertur.

1007 745 1167 776 sustinere
1196 744 1435 784 multitudinem,
1461 741 1636 783 impedire,
1664 748 1708 770 ne

1051 787 1164 826 plures
1194 786 1339 817 eundem
1374 785 1407 815 in
1446 786 1556 816 locuni
1588 790 1711 814 conve-

1050 828 1147 858 niant
1171 828 1203 859 G
1229 829 1264 866 ii,
1279 832 1309 858 5.
1333 827 1381 865 iii,
1399 831 1450 858 11.
1474 827 1503 857 A
1521 830 1572 857 17.
1618 825 1709 856 Hinc

1050 869 1196 901 distineri
1210 869 1248 900 ab
1267 869 1506 910 oppugnatione,
1527 866 1713 908 prohiberi,

1052 912 1203 952 defendi,
1227 922 1269 943 ne
1286 912 1394 953 possis
1412 919 1608 952 oppugnare
1629 909 1663 940 H
1678 911 1711 939 8.

1053 959 1090 986 et
1114 956 1267 986 distentus
1292 954 1350 995 (ab
1377 954 1450 985 aliis
1467 951 1612 993 negotiis
1639 950 1713 982 abs-

1055 1001 1186 1029 tractus
1202 1002 1237 1028 et
1254 1002 1345 1028 totus
1362 994 1564 1037 occupatus)
1585 994 1619 1025 in
1645 1003 1715 1024 mu·

1051 1040 1170 1070 nitione
1187 1039 1221 1070 H
1238 1043 1288 1071 11.
1333 1039 1490 1070 Distensoe
1505 1046 1609 1076 nave-«1,
1635 1045 1711 1078 quae

1054 1086 1259 1123 tempestate
1271 1081 1513 1121 dissociantur,
1523 1089 1566 1110 ne
1579 1088 1646 1110 una
1658 1088 1715 1109 ve-

1053 1124 1178 1156 hantur
1207 1124 1239 1156 A
1265 1127 1318 1155 45.
1363 1124 1511 1155 distinere
1538 1121 1714 1160 victoriam,

1054 1166 1167 1207 objice
1183 1176 1242 1198 suo
1258 1176 1325 1197 non
1342 1167 1416 1207 pati
1441 1175 1515 1197 eam
1539 1174 1611 1196 esse
1634 1172 1714 1196 con-

1055 1209 1187 1241 tinuam
1203 1214 1239 1241 et
1254 1209 1395 1240 solidam
1413 1209 1444 1240 G
1461 1208 1518 1247 vii,
1535 1210 1588 1238 37.

1013 1251 1212 1283 Distribuere
1241 1251 1393 1283 exercitui
1417 1250 1555 1292 hyberna
1583 1249 1616 1280 G
1643 1247 1716 1287 viii,

1015 1335 1182 1367 Diversum
1202 1336 1356 1377 proelium,
1373 1334 1517 1366 diversis
1534 1335 1569 1365 in
1583 1333 1667 1365 locis
1683 1331 1716 1364 G

1057 1378 1128 1419 viii,
1147 1381 1198 1409 19.

1015 1420 1146 1459 Docere,
1163 1420 1317 1461 pluribus
1333 1420 1449 1452 dicere
1467 1419 1500 1450 G
1515 1419 1537 1456 i,
1553 1420 1608 1449 43.

1015 1463 1182 1502 Doctrina,
1208 1473 1262 1494 ars
1286 1471 1322 1493 et
1351 1461 1477 1503 peritia
1499 1461 1636 1492 navium
1659 1458 1718 1490 ad-

1058 1504 1357 1536 ministrandarum
1375 1503 1404 1535 A
1424 1507 1475 1535 15.

1016 1547 1244 1578 Documentum
1280 1547 1479 1585 constituere,
1525 1543 1720 1585 exemplum

1059 1599 1167 1630 poenae
1185 1589 1287 1620 edere
1304 1590 1339 1620 in
1356 1589 1503 1629 aliquem
1520 1586 1578 1618 Af.
1595 1590 1648 1617 54.

1016 1631 1211 1663 Dolabratus
1227 1632 1259 1663 G
1276 1632 1334 1672 vii,
1347 1634 1400 1662 73.
1423 1630 1492 1662 Sed
1504 1630 1643 1661 verbum
1660 1627 1720 1659 du-

1059 1680 1151 1711 bium
1170 1685 1233 1711 est.

1016 1723 1228 1754 Domesticum
1240 1721 1411 1761 judicium,
1436 1722 1589 1754 internus
1604 1729 1720 1753 sensus

1061 1774 1079 1795 c
1096 1764 1198 1796 factis
1215 1770 1308 1796 ortus
1324 1766 1352 1797 C
1369 1766 1418 1805 iii,
1432 1768 1488 1796 60.

1017 1807 1154 1839 Domum
1169 1817 1329 1839 concursus
1347 1808 1374 1839 C
1389 1808 1412 1848 i,
1432 1810 1485 1839 53.
1528 1808 1651 1838 domum
1671 1815 1719 1837 re-

1060 1850 1140 1880 ditio
1157 1850 1189 1882 G
1207 1851 1229 1887 i,
1245 1854 1276 1881 5.

1019 1892 1156 1923 Dorsum
1183 1893 1297 1923 montis
1325 1902 1456 1933 oequum,
1491 1890 1651 1932 planities
1686 1890 1720 1922 in

1061 1944 1191 1965 summo
1206 1939 1321 1966 monte
1339 1936 1371 1966 G
1388 1934 1446 1972 vii,
1461 1937 1514 1966 44.

1018 1977 1141 2009 Ducere
1170 1977 1291 2016 bellum,
1323 1977 1524 2016 protrahere
1554 1976 1585 2007 G
1615 1976 1638 2014 i,
1667 1977 1720 2006 38.

1060 2020 1170 2049 ducere
1195 2018 1306 2049 bellum
1334 2019 1368 2049 in
1396 2019 1535 2059 hyemem
1562 2019 1590 2049 C
1616 2018 1640 2057 i,
1667 2021 1722 2048 61.

1060 2062 1170 2092 ducere
1185 2060 1295 2091 bellum
1310 2061 1431 2100 longius
1447 2061 1476 2092 G
1495 2062 1552 2100 vii,
1570 2063 1621 2091 11.
1639 2059 1673 2090 Η
1690 2062 1723 2091 8.

1060 2104 1170 2134 ducere
1206 2104 1353 2150 aliquem,
1390 2102 1624 2144 promittendo
1653 2101 1724 2133 effi-

1063 2155 1153 2185 cere,
1179 2150 1217 2176 ut
1243 2145 1370 2176 trustra
1386 2150 1549 2186 expectet
1572 2145 1604 2177 G
1621 2145 1644 2185 i,
1671 2147 1722 2175 16.

1063 2187 1196 2219 Ibidem
1212 2188 1322 2219 ducere
1338 2188 1419 2219 diem
1433 2198 1472 2219 ex
1493 2188 1556 2228 die,
1582 2196 1652 2219 rem
1679 2186 1722 2218 ab

1064 2240 1130 2261 uno
1146 2230 1200 2261 die
1217 2230 1251 2261 in
1267 2231 1367 2261 alium
1385 2229 1535 2262 differre.

1021 2272 1159 2312 Durum,
1186 2272 1287 2304 valde
1310 2273 1534 2314 periculosum
1554 2275 1591 2304 et
1606 2271 1724 2304 moles-

1065 2319 1136 2345 tum
1154 2315 1184 2345 G
1204 2325 1236 2355 v,
1250 2318 1303 2346 29.

1021 2357 1190 2388 Duumriri
1206 2357 1381 2398 municipii,
1404 2357 1525 2390 summi
1547 2356 1722 2398 magistra-

1065 2404 1119 2431 tus
1135 2401 1163 2432 C
1180 2401 1201 2440 i,
1215 2403 1269 2442 23,
1284 2403 1337 2432 30.

1360 2527 1389 2558 Ε

1025 2612 1128 2643 Edere
1156 2611 1189 2642 in
1225 2611 1358 2652 aliquem
1390 2609 1493 2641 omnia
1522 2608 1659 2649 exempla
1690 2612 1719 2639 et

1067 2654 1223 2685 cruciatus
1238 2654 1269 2685 G
1287 2655 1310 2692 i,
1327 2656 1379 2684 31.

1026 2697 1140 2727 Editus
1157 2698 1249 2736 locus,
1264 2695 1374 2733 altior,
1389 2697 1426 2725 ut
1441 2692 1547 2734 collis,
1564 2693 1720 2725 tumulus.

1026 2739 1185 2779 Effare-ire
1200 2739 1232 2769 G
1250 2738 1308 2776 vii,
1324 2739 1376 2767 23.

1027 2780 1154 2822 Effert-e
1167 2789 1198 2811 se
1211 2779 1324 2819 gloria,
1339 2777 1488 2810 eminere
1506 2777 1591 2809 velle
1607 2776 1721 2810 studio
