1872 3104
624 205 667 232 c.
697 202 828 232 sumi
863 201 1095 231 czesmus.
1475 196 1588 239 2037

137 296 191 337 Α.
209 297 340 340 Hirtii
362 296 456 339 Lib.
481 306 590 335 vm.
636 295 677 335 2.
704 295 770 334 De
792 295 899 335 Bell.
921 296 1020 336 Civ.
1044 296 1198 336 Libros
1216 308 1288 338 ιιι.
1320 298 1362 338 3.
1391 299 1453 337 Do
1478 301 1587 342 Bell.

137 364 267 405 Alex.
306 366 348 405 4.
365 362 498 403 Afric.
520 366 563 401 ct
584 360 778 413 Hispan.
827 362 1013 401 Illurnin.
1061 363 1110 403 In
1134 365 1283 415 primae
1302 364 1436 406 literae
1461 368 1588 418 primi

135 433 212 473 lib.
247 443 427 483 corpore
478 430 737 477 intexuntur,
788 442 873 468 una
925 443 1025 468 cum
1079 430 1195 470 Cres.
1254 431 1406 483 effigie,
1458 434 1591 473 verba

135 498 377 552 sequentia:
410 499 421 515 ‘
444 496 604 536 Orbem
639 500 848 536 terrarum
870 499 1029 537 nostris
1065 499 1209 547 armis,
1242 504 1387 539 nostra
1417 501 1589 549 virtute,

134 564 416 617 perdomitum
449 563 502 603 ad
526 576 656 603 unam
687 562 858 603 tandem
892 562 1114 604 rededimas
1137 567 1218 606 (sic
1241 580 1321 607 scr.
1343 567 1419 607 sed
1442 567 1589 608 forsan

133 630 369 685 redegimus)
390 630 711 671 monarchiam!
743 630 863 671 Cent.
891 641 973 672 XV.

188 697 399 752 Ejusdem
420 698 584 749 generis
601 701 669 737 est
691 696 748 737 N.
771 697 900 738 4629.
923 700 1146 739 continens
1170 699 1326 740 Libros
1352 711 1455 742 vlu.
1479 701 1590 743 Bell.

133 764 251 807 Gall.
283 778 368 805 una
400 778 498 805 cum
518 765 572 805 iis
593 765 646 804 de
665 765 774 806 Bell.
810 764 905 806 Civ.
928 771 969 807 et
989 767 1117 807 Alex.
1153 766 1290 808 Afric.
1324 772 1366 808 et
1401 768 1591 822 Hispan.

136 831 339 885 Elegans‚
359 833 597 873 membran.
621 831 747 873 Ceut.
772 844 855 873 XV.

189 899 249 941 N.
269 900 398 941 2459.
428 898 474 940 J.
497 899 546 941 C.
569 899 809 941 Comment.
847 901 899 941 de
934 901 1043 940 Bell.
1067 901 1182 942 Gall.
1214 901 1332 942 Libri
1356 913 1443 944 vn.
1466 902 1588 944 Cent.

136 978 219 1008 xv.
261 966 352 1006 Sub
384 966 475 1007 init.
539 966 681 1007 “Hic
721 966 831 1007 Cod.
870 969 1156 1020 transcriptus
1191 968 1273 1009 suit
1311 982 1338 1010 a
1374 968 1591 1024 Gasparis

134 1032 400 1075 Garimarthi
420 1032 708 1087 exemplare.’'
767 1031 972 1075 Chartac.
996 1034 1118 1076 Cent.
1143 1047 1227 1075 xv.

192 1100 252 1142 N.
284 1101 412 1142 4106.
445 1099 495 1141 C.
515 1100 559 1142 J.
594 1100 709 1141 Caes.
744 1100 855 1141 Bell.
888 1100 1004 1141 Gall.
1040 1101 1160 1142 Libri
1196 1113 1303 1144 Vlll.
1348 1102 1593 1145 Membran.

135 1166 259 1210 Ceut.
277 1179 363 1209 xv.

191 1235 251 1277 N.
270 1236 398 1278 4629.
418 1235 462 1277 J.
478 1236 528 1277 C.
549 1235 786 1276 Comment.
816 1233 862 1276 J.
884 1234 999 1276 Caes.
1018 1236 1202 1288 explicit
1219 1236 1318 1276 Lib.
1337 1246 1420 1276 vn.
1444 1235 1593 1278 Pansa

134 1302 287 1356 incipit
321 1303 418 1344 Lib.
451 1314 557 1343 v111.
585 1305 628 1342 et
658 1302 788 1342 etiam
821 1301 874 1342 de
906 1302 1018 1342 Bell.
1047 1302 1145 1344 Civ.
1180 1303 1277 1344 Lib.
1315 1315 1518 1345 1.11.111.
1553 1308 1595 1345 et

133 1368 266 1410 Alex.
287 1369 384 1412 Lib.
419 1370 645 1423 Eleganter
664 1369 814 1423 script.
837 1368 1076 1409 Membran.
1108 1368 1232 1410 Cent.
1255 1381 1339 1411 xv.

192 1435 253 1478 N.
273 1437 401 1479 4639.
434 1436 483 1477 C.
516 1436 561 1478 J.
591 1436 641 1476 C.
664 1436 905 1478 comment.
940 1436 1060 1476 Libri
1099 1448 1204 1477 vm.
1238 1438 1292 1478 de
1328 1438 1442 1478 Bell.
1479 1437 1594 1478 Gall.

134 1502 285 1545 Pansa
303 1504 390 1544 inc.
420 1503 472 1544 de
496 1503 605 1544 Bell.
622 1502 720 1544 Civ.
743 1503 842 1543 Lib.
873 1514 947 1543 111.
982 1504 1051 1543 De
1073 1504 1183 1544 Bell.
1215 1504 1346 1545 Alex.
1381 1503 1519 1545 Afric.
1553 1507 1598 1545 et

137 1569 328 1624 Hispan.
348 1569 458 1612 Cod.
482 1569 749 1619 chartaceus,
771 1582 874 1611 saec.
898 1580 982 1610 xv,

195 1636 254 1677 N.
287 1634 414 1678 4834.
455 1636 564 1678 Cod.
605 1637 795 1689 elegam,
846 1637 911 1677 ita
951 1637 1207 1680 denotatus:
1259 1639 1338 1680 ‘J.
1375 1639 1425 1681 C.
1466 1639 1596 1681 Com·

139 1707 270 1744 ment.
306 1703 405 1744 Lib.
439 1704 522 1744 lus
571 1703 746 1756 incipit:
788 1702 938 1742 Julius
973 1703 1128 1744 Celsus
1163 1705 1489 1756 Constantinus,
1527 1706 1596 1747 vir

140 1771 428 1820 clarissimus,
448 1770 708 1811 emendavit.
760 1769 892 1818 Infra,
916 1769 1021 1823 Opii
1048 1771 1150 1824 (pro
1167 1772 1322 1823 Hirtii)
1338 1772 1517 1813 Praefat.
1539 1771 1595 1813 ad

139 1836 329 1878 Balbum
349 1837 405 1877 ad
426 1836 523 1877 Lib.
548 1848 654 1877 v111.
675 1836 786 1876 Bell.
810 1835 1004 1877 Gallici.'
1037 1837 1278 1878 Membran.
1307 1838 1428 1878 Cent.
1452 1850 1537 1879 xv.

196 1903 254 1944 N.
272 1904 399 1945 6205.
432 1905 522 1945 Hic
540 1916 699 1956 magna
719 1904 840 1944 audit
872 1904 980 1945 inter
1001 1904 1127 1945 Harl.
1148 1909 1195 1946 ut
1216 1907 1291 1957 qui
1312 1906 1443 1945 habet
1461 1905 1597 1946 multa

145 1970 429 2012 admiratione
467 1971 612 2024 digna,
655 1984 697 2010 n.
731 1983 831 2023 quae
866 1970 923 2011 ad
965 1971 1330 2023 pulchritudinem
1375 1976 1418 2012 et
1456 1972 1598 2025 quali-

139 2040 251 2078 tates
281 2042 495 2091 spectant.
543 2037 744 2079 Continet
778 2039 820 2078 in
854 2038 956 2090 ling.
981 2037 1095 2079 Gall.
1120 2039 1202 2092 pri.
1224 2039 1319 2079 libr.
1355 2037 1596 2081 Comment.

138 2103 182 2144 J.
206 2103 257 2145 C.
280 2105 323 2144 in
350 2105 512 2158 dialogi
546 2106 686 2146 forma
715 2106 823 2147 inter
846 2106 1147 2156 Franciscum,
1171 2107 1331 2148 Galliae
1354 2106 1536 2160 Regem,
1554 2110 1598 2147 et

139 2170 182 2212 J.
206 2170 448 2213 Caesarem:
481 2173 810 2226 quatuordecim
842 2177 1020 2214 ornatus
1052 2175 1233 2216 tabulis:
1265 2175 1345 2215 sub
1371 2174 1463 2214 init.
1488 2184 1595 2214 xvi.

143 2238 266 2279 Cent.

199 2305 257 2346 N.
277 2306 404 2348 4838.
436 2320 523 2348 una
554 2321 653 2348 cum
675 2308 939 2361 quibusdam
971 2309 1238 2349 orationibus
1270 2308 1593 2358 Demosthenis,

142 2372 381 2424 Ciceronis,
402 2378 443 2415 et
463 2375 659 2425 aliorum,
681 2374 870 2416 Caesaris
901 2376 1033 2417 etiam
1059 2376 1295 2417 orationem
1313 2376 1369 2417 ad
1389 2376 1596 2417 Senatum

142 2441 454 2494 complectitur.
487 2441 731 2483 Membran.
765 2441 884 2484 Cent.
910 2455 995 2484 xv,

200 2506 261 2549 N.
281 2509 407 2551 2765.
439 2508 547 2551 Cod.
569 2510 758 2564 elegans,
781 2512 1016 2552 membran.
1048 2511 1372 2553 characteribus
1393 2508 1596 2552 Gothicis

143 2574 344 2629 scriptus,
378 2577 580 2626 eontinet,
609 2589 694 2617 una
725 2589 824 2618 cum
856 2576 1029 2627 Orosio,
1064 2578 1210 2627 Floro,
1244 2581 1320 2619 Sic.
1368 2576 1509 2631 Epist.
1538 2574 1595 2617 ad

146 2641 353 2698 Oppium,
376 2643 635 2696 Cornelium,
656 2648 697 2686 et
720 2644 987 2686 Ciceronem.
1021 2645 1134 2688 Saec.
1156 2656 1239 2687 XV.
