1872 3104
259 158 374 201 2022
732 170 932 201 JOSEPHI
965 170 1226 201 solimorum

257 264 399 314 hodie,
431 263 595 306 ditione
634 266 874 316 imminuta,
904 280 1060 307 nomen
1100 268 1309 319 integrum
1345 264 1533 306 retinuit.
1593 263 1713 316 Quin

258 334 387 375 etiam
410 334 615 387 quiequid
647 334 701 374 ad
728 335 1007 388 Burdigalam
1038 336 1174 375 solam
1207 335 1402 388 pertinet,
1434 334 1478 374 id
1497 346 1582 374 non
1606 334 1717 374 Bur-

257 401 477 455 digalense
514 402 642 442 hodie
677 408 870 451 vocatur,
904 403 981 443 sed
1014 402 1297 456 Aquitanum‚
1327 403 1393 442 vel
1425 402 1716 442 Guiennense.

258 469 315 510 Et
331 471 450 510 curia
482 469 729 521 Burdigala}
760 471 912 519 minor,
942 484 967 510 a
987 484 1074 524 qua
1102 469 1361 522 provocatio
1394 473 1459 509 est
1489 469 1543 508 ad
1566 468 1718 509 Parla-

256 542 463 585 mentum‚
486 537 610 576 curia
637 536 867 586 Guionnae,
889 543 930 578 et
946 538 1122 590 judices
1151 536 1363 577 Guiennae
1387 541 1609 586 vocantur,
1629 548 1713 576 non

257 602 524 654 Burdigalae.
585 603 701 643 Haec
736 605 865 655 igitur
892 603 1108 655 Guienna,
1144 618 1243 658 quae
1277 604 1406 645 hodie
1433 608 1616 657 quatuor
1642 603 1718 644 Se-

254 670 502 711 neschalliis
523 676 738 720 censetur,
759 674 908 713 vocari
923 673 1019 725 jure
1034 673 1183 713 merito
1202 677 1345 725 potest
1364 671 1604 724 Aquitania
1625 672 1718 712 sive

255 737 457 780 Guienna
498 739 712 780 Ludovici
744 738 836 780 XI.
898 738 1030 789 Quod
1069 740 1163 780 dixi
1206 740 1258 780 de
1291 740 1508 788 Pictoni0‚
1542 752 1641 779 cum
1672 739 1717 778 in

254 807 384 848 feudo
406 806 657 861 Aquitaniae
680 808 772 848 sive
792 807 1004 849 Guiennae
1028 807 1353 860 comprehendit
1374 806 1603 846 Edoardus
1625 805 1717 846 111.

253 876 366 915 scito
384 888 505 929 stepo
525 876 754 916 exclusum
785 875 922 916 fuisse
953 888 1008 916 ex
1030 874 1282 928 Aquitania,
1311 878 1358 914 ut
1384 874 1465 914 sub
1488 873 1716 913 Ludovico

255 941 349 984 IX.
390 942 445 991 (is
485 946 550 983 est
589 943 776 983 Sanctus
811 942 1079 991 Ludovicus)
1117 955 1237 995 saepe
1272 942 1515 982 restitutum
1564 940 1721 981 finibus

253 1008 524 1063 Aquitaniae.
559 1010 685 1051 Certe
706 1011 833 1052 hodie
854 1024 938 1051 non
958 1023 1097 1063 parva
1115 1023 1218 1064 pars
1240 1009 1431 1050 Pictonii
1454 1008 1604 1050 dicunt
1625 1020 1720 1049 sese

254 1075 572 1129 Guiennenses,
593 1083 641 1120 ut
656 1080 760 1120 olim
781 1084 899 1120 erant
917 1091 962 1119 re
981 1091 1100 1119 vera.

315 1144 545 1186 Comitatus
587 1145 895 1196 Avenionensz's,
931 1145 1041 1187 alias
1081 1145 1329 1187 Comitatus
1374 1142 1545 1194 Venisse,
1589 1145 1720 1186 habet

253 1218 442 1269 quatuor
475 1215 718 1257 Dioeceses.
782 1214 928 1255 Unum
949 1213 1398 1267 Archiepiscopatum
1419 1211 1717 1264 Avenionom3

252 1287 337 1323 tres
376 1282 676 1336 Episcopatus
721 1282 941 1324 Avenioni
987 1282 1299 1335 suffragantes:
1364 1280 1718 1334 Carpentoracte‚

252 1349 554 1401 Cabalionem,
570 1351 833 1393 Vasionem:
850 1355 897 1392 ut
909 1351 1013 1392 alibi
1030 1351 1290 1392 notavimus.
1321 1349 1463 1390 Totus
1477 1347 1718 1389 Comitatus

250 1418 322 1459 ille
344 1419 715 1472 comprehendens
737 1423 927 1473 quatuor
946 1419 1044 1460 illas
1067 1418 1299 1460 Dioeceses
1321 1417 1450 1458 datus
1471 1417 1552 1457 fuit
1572 1416 1721 1457 Ponti-

250 1485 323 1527 fici
346 1485 552 1527 Romano
573 1499 599 1527 a
617 1486 646 1527 J
651 1487 821 1528 ohanna
842 1486 1011 1539 Regina
1034 1485 1266 1539 Neapolis,
1288 1489 1330 1525 et
1351 1483 1587 1526 Comitissa
1608 1484 1718 1525 Pro-

249 1554 425 1603 vinciae,
447 1555 490 1594 in
521 1555 923 1607 compensationem
955 1554 1102 1594 tributi
1126 1553 1265 1607 Papae
1293 1566 1371 1607 per
1396 1553 1553 1594 multos
1581 1564 1717 1592 annos

249 1633 333 1662 non
356 1622 483 1662 soluti
509 1622 683 1663 nomine
702 1623 823 1675 regni
846 1621 1148 1675 Neapolitani,
1171 1622 1300 1675 cujus
1322 1621 1607 1662 feudatarium
1628 1619 1720 1661 Do-

248 1689 414 1730 minum
435 1689 542 1731 dicit
561 1703 607 1730 se
627 1690 768 1743 Papa.
818 1690 975 1744 Itaque
997 1689 1098 1730 Rex
1122 1689 1321 1730 Franciae
1341 1689 1447 1729 nihil
1463 1688 1575 1743 juris
1588 1689 1720 1730 habet

252 1757 297 1797 in
319 1757 440 1798 illum
463 1756 748 1800 comitatum.

310 1822 568 1879 Burgundiae
588 1824 833 1868 Comitatus.
867 1826 946 1868 Est
958 1826 1135 1868 feudum
1152 1825 1333 1879 Imperii
1349 1825 1430 1866 sub
1447 1823 1717 1878 protectione

249 1892 533 1934 Bernensium
575 1894 905 1936 Helvetiorum:
952 1893 1319 1948 quemadmodum
1370 1891 1603 1933 Dunkerka
1652 1894 1718 1931 est

248 1959 484 2002 Borboniae
527 1961 723 2009 familiae,
763 1961 949 2015 ideoque
987 1961 1103 2013 regis
1144 1960 1359 2001 Franciae.
1428 1958 1516 1999 Sed
1555 1957 1716 2000 Comes

250 2027 472 2070 Flandriae
501 2032 567 2069 est
596 2028 813 2069 Dominus
845 2029 1127 2078 feudatarius,
1168 2028 1223 2068 ad
1261 2028 1385 2082 cujus
1420 2026 1657 2068 tribunalia
1691 2037 1719 2067 a

250 2095 503 2137 Dunkerkae
519 2096 667 2151 judice
689 2097 951 2151 appellatur.

310 2161 526 2203 Clearolois
565 2168 631 2205 est
660 2165 773 2218 regis
808 2163 1151 2219 Hispaniarum3
1202 2162 1277 2204 sed
1312 2175 1389 2203 rex
1421 2161 1621 2203 Franeiae
1653 2164 1719 2202 est

249 2231 463 2273 Dominus
482 2231 768 2274 feudatarius.
830 2231 910 2273 Est
939 2232 1129 2286 simplex
1151 2230 1342 2280 seudum,
1364 2241 1506 2284 neque
1525 2228 1718 2282 supremi

245 2299 373 2352 juris.

305 2365 637 2407 Armaniacensis
657 2367 802 2420 (vulgo
825 2364 1085 2422 Armagnac)
1105 2365 1349 2407 Comitatus
1373 2365 1567 2406 continet
1587 2364 1714 2406 Dioea

248 2446 369 2474 ceses
404 2434 516 2475 duas
546 2434 658 2475 ultra
692 2433 976 2485 Garumnam,
1006 2446 1160 2488 nempe
1182 2433 1553 2482 Lactoratensem‚
1587 2431 1716 2484 vulgo

252 2499 491 2551 Laictoure,
516 2504 557 2542 et
588 2500 861 2543 Auscensem
895 2501 1052 2555 (vulgo
1079 2500 1238 2554 Auchs)
1272 2500 1554 2556 Metropolim
1581 2497 1714 2539 totius

250 2567 692 2624 Novempopulaniae,
727 2571 820 2611 sive
858 2569 1112 2611 Vasconiae.
1163 2569 1405 2623 Subjicitur
1444 2566 1714 2607 parlamento

247 2634 485 2678 Tolosano.

309 2700 585 2757 Bigerromtm
607 2705 851 2747 Comitatus
865 2703 924 2760 (le
944 2703 1083 2745 Comtc‘
1103 2703 1150 2745 de
1169 2702 1370 2758 Bigorre)
1385 2700 1570 2742 continet
1584 2711 1713 2739 unum
