1872 3104
666 227 708 256 C.
730 224 863 256 sumt
896 223 1127 254 cAESAmS.
1479 217 1591 259 2069

139 353 187 357 --<
216 330 416 379 Tubingae.
449 332 484 364 8.
514 324 842 363 QJnliiCaesaris
863 325 1006 375 Opera.
1049 323 1261 361 Editionem
1291 325 1440 361 curavit
1473 328 1508 363 J.
1532 328 1585 363 G.

193 395 351 430 liutten.
389 390 495 427 Tub.
517 401 578 437 ap.
601 388 730 425 Cotta.

144 461 240 494 1⁸03
271 454 550 502 Noriinbergae.
583 457 617 490 8.
649 451 694 489 C.
715 451 806 490 Julii
828 451 988 488 Caesaris
1007 450 1294 488 Commentarii.
1329 451 1457 489 Editio
1478 465 1589 496 nova,

188 523 357 555 correcta
382 523 422 554 et
440 522 530 567 post
562 515 623 552 ed.
645 514 798 564 Bipont.
829 513 1048 552 emendata.
1081 514 1254 554 Norimb.
1290 528 1353 565 ap.
1387 516 1518 566 Riegel
1547 523 1585 552 et

187 580 366 618 Wiesner.

184 878 298 922 Quod
323 878 460 916 attinet
488 878 536 916 ad
551 879 759 917 secundani
783 880 879 917 lianc
900 885 1068 916 nostram
1089 877 1249 915 Caesaris
1266 875 1487 921 editionem,
1508 882 1588 913 tex-

133 950 213 980 tum
236 941 392 992 quidem
416 942 523 980 novis
545 956 612 992 per
631 950 754 980 totum
776 956 822 980 ac
839 942 1145 991 diligentioribus
1162 941 1263 978 curis
1284 940 1589 989 recognovimus,

132 1014 169 1043 ot
190 1006 236 1043 ad
252 1005 415 1044 melioris
437 1012 539 1043 notae
560 1012 730 1043 veterum
752 1005 966 1043 editionum
988 1004 1076 1042 inde
1096 1004 1144 1040 ab
1159 1002 1299 1040 Aldina
1319 1003 1438 1052 prima
1458 1001 1589 1048 fidem,

134 1070 316 1108 adhibitis
356 1069 465 1106 simul
496 1077 702 1107 msstorum
734 1069 979 1114 lectionibus,
998 1082 1092 1118 quas
1120 1073 1322 1104 enotarunt
1358 1066 1591 1103 recentiores

131 1133 305 1178 editores,
325 1133 634 1177 emendavimus;
665 1132 840 1183 adeoque
875 1133 996 1170 multo
1017 1145 1133 1182 quani
1167 1137 1278 1168 antea
1308 1130 1588 1180 castigatiorem

133 1210 232 1234 nunc
249 1196 490 1234 exhibemus.
548 1196 621 1233 Sed
644 1196 702 1233 vel
729 1197 781 1234 sic
811 1202 1016 1246 supersunt
1047 1202 1122 1232 tam
1144 1195 1180 1232 in
1211 1195 1291 1243 ipso
1312 1194 1386 1231 hoc
1415 1199 1591 1237 auctore,

133 1273 248 1310 quani
278 1260 314 1297 in
347 1260 399 1303 iis,
422 1260 487 1310 qui
512 1273 584 1298 una
604 1272 692 1297 cnm
713 1272 758 1296 eo
788 1259 852 1298 edi
872 1260 1005 1304 solent,
1034 1259 1131 1296 bene
1164 1258 1296 1304 multa,
1318 1270 1406 1306 quae
1438 1271 1590 1295 manum

133 1323 428 1361 emendatricem
447 1323 573 1361 adhuc
602 1329 822 1373 expectant.
880 1324 979 1367 Quae
1007 1336 1096 1361 cum
1117 1322 1196 1360 fere
1215 1322 1290 1359 sint
1320 1321 1526 1370 ejusmodi,
1550 1327 1591 1358 ut

133 1387 282 1424 nonnisi
303 1399 378 1436 ope
411 1386 575 1424 melioris
596 1387 756 1432 codicis,
778 1400 893 1437 quam
914 1393 1002 1425 sunt
1023 1387 1059 1435 ii,
1084 1386 1225 1437 quibus
1246 1385 1374 1423 adhuc
1396 1386 1450 1422 uti
1481 1385 1589 1422 licuit

134 1451 218 1489 viris
247 1450 389 1496 doctis,
423 1451 458 1487 in
489 1451 640 1488 edendo
678 1452 831 1489 Caesare
866 1464 952 1488 cum
985 1451 1097 1488 laude
1132 1450 1303 1493 versatis,
1334 1450 1371 1486 in
1403 1450 1592 1498 integrum

132 1515 280 1552 restitui
319 1515 481 1564 possint,
519 1515 663 1552 intacta
683 1515 895 1565 relinquere
929 1515 1140 1552 consultius
1169 1514 1280 1550 nobis
1319 1513 1453 1556 visum,
1477 1524 1592 1561 quam

132 1591 256 1616 meras
283 1579 342 1615 vel
379 1579 540 1615 aliorum
573 1579 632 1616 vel
669 1584 822 1616 nostras
861 1578 1106 1627 conjecturas
1136 1577 1336 1614 contextui
1368 1574 1591 1613 obtrudere.

132 1642 319 1680 Notitiam
337 1642 553 1687 literariam,
575 1642 757 1680 volumini
777 1642 901 1692 primo
918 1641 1170 1692 praemissam,
1188 1653 1260 1690 pro
1290 1640 1346 1685 iis,
1369 1652 1457 1689 quae
1479 1638 1590 1675 nobis

134 1705 182 1742 ad
202 1718 331 1746 manus
353 1704 469 1749 fuere,
485 1705 660 1743 subsidiis
681 1712 718 1743 et
738 1706 914 1743 auximus
929 1712 967 1743 et
987 1705 1295 1747 emendavimus3
1313 1704 1469 1753 adjecta
1489 1703 1592 1740 insu·

133 1782 205 1819 per
224 1770 317 1807 Ger.
337 1770 399 1806 Jo.
420 1769 545 1806 Vossii
577 1769 625 1807 de
655 1769 816 1819 Scriptis
839 1768 1000 1806 Caesaris
1020 1767 1368 1809 Commentatione,
1403 1772 1441 1802 et
1471 1766 1591 1802 Henr.

134 1832 324 1870 Dodwelli
340 1833 613 1870 Dissertatione
634 1832 683 1870 de
702 1839 857 1870 auctore
870 1833 957 1869 libri
970 1843 1071 1870 v111.
1088 1832 1136 1869 de
1153 1833 1196 1869 B.
1213 1833 1264 1869 G.
1287 1838 1325 1869 et
1339 1831 1451 1868 Alex.
1466 1828 1586 1866 Afric.

132 1903 169 1934 et
185 1897 293 1946 Hisp.
316 1897 493 1934 Secundo
515 1910 603 1934 vero
621 1897 806 1934 volumini
827 1897 1036 1947 ingratiam
1053 1896 1214 1933 tironum
1237 1894 1508 1944 subjunximus
1526 1894 1586 1929 In-

134 1960 256 1998 dicem
274 1960 483 2005 latinitatis,
505 1973 527 1997 a
549 1962 651 1997 Sam.
675 1961 734 1998 Fr.
756 1961 875 1997 Natli.
906 1960 1021 1996 Moro
1054 1959 1289 2002 consectum,
1312 1957 1347 1993 in
1381 1969 1458 2006 quo
1481 1955 1593 1993 simul

135 2024 316 2061 nonnulla
337 2023 385 2061 de
401 2023 534 2060 ritibus
547 2030 585 2060 et
607 2023 720 2061 rebus
741 2022 906 2072 antiquis
930 2029 1144 2066 monentur,
1167 2027 1297 2058 nostra
1317 2033 1409 2058 cura
1437 2033 1524 2057 cum
1545 2033 1592 2057 ex

135 2087 310 2132 aliorum,
325 2093 406 2124 tum
426 2087 606 2138 exipsius
627 2087 694 2124 viri
710 2087 923 2124 doctissimi
954 2085 1346 2123 animadversionibus
1366 2083 1592 2128 auctiorem,

135 2156 174 2188 et
214 2149 263 2187 ad
301 2150 494 2188 literarum
537 2151 669 2188 seriem
707 2164 794 2189 cum
842 2151 968 2189 indice
1011 2148 1474 2201 geographico-historico
1506 2159 1595 2186 con·

128 2220 326 2262 junctum.

191 2544 251 2580 De
278 2542 512 2580 editionibus
542 2543 772 2594 scriptorum
806 2546 1109 2583 Caesarianorum
1144 2544 1180 2581 in
1214 2543 1430 2580 universum
1463 2545 1595 2577 tenen·

138 2607 246 2652 dum,
266 2608 498 2657 antiquiores
527 2607 606 2645 sere
632 2608 729 2646 inter
748 2621 787 2646 se
817 2609 1046 2652 consentire,
1079 2608 1145 2644 ubi
1171 2607 1257 2644 vitia
1285 2616 1487 2656 operarum
1514 2615 1591 2640 non

139 2670 378 2708 intercedunt
402 2686 409 2708 :
443 2684 530 2720 quae
563 2678 650 2709 sunt
690 2672 860 2721 inprimis
891 2671 1109 2721 frequentia
1137 2677 1174 2707 et
1193 2668 1297 2707 foeda
1327 2669 1363 2705 in
1392 2666 1453 2705 ed.
1480 2671 1594 2709 1473.

142 2732 220 2772 sine
239 2734 313 2772 loci
328 2741 433 2781 nota,
446 2747 532 2785 quae
545 2741 673 2773 tamen
693 2736 796 2773 solos
812 2735 862 2773 de
881 2737 926 2774 B.
950 2736 1002 2774 G.
1023 2735 1139 2773 libros
1159 2734 1287 2772 habet.
1321 2731 1398 2771 Sed
1419 2745 1442 2769 a
1456 2731 1592 2769 veteris
