1872 3104
588 160 630 188 c.
661 160 699 188 J.
733 157 949 187 CAESAmS
985 158 1115 187 νιίἈ.
1466 150 1580 194 1965

128 271 202 298 νης.
257 254 358 291 Ἐπεὶ
391 252 431 289 δὲ
463 255 658 300 σημαίνειν
691 253 853 299 ἔμελλον
882 252 1076 301 ἀμφότεροι
1110 254 1177 296 τὴν
1210 251 1356 302 ἔφοδον,
1388 254 1578 304 Πομπήϊος

125 320 194 367 μὲν
214 319 384 354 ἐκέλευσε
410 313 488 353 τοὺς
520 315 672 350 ὁπλίτας
708 315 865 350 ἑστῶτας
898 315 938 350 ἐν
968 313 1163 366 προβολῇ7
1198 318 1256 352 καὶ
1288 319 1469 365 μένοντας
1487 320 1578 366 ἆρα-

124 383 234 429 ρότως
254 379 430 430 δέχεσθαι
451 380 515 421 τὴν
536 376 733 427 ἐπιδρομὴν
754 384 825 414 τῶν
846 380 1051 428 πολεμίοιν,
1081 382 1210 429 μέχρις
1241 381 1289 416 ἂν
1322 380 1436 416 ὑσσοῦ
1465 380 1581 427 βολῆς

127 445 227 483 ἐντὸς
247 448 441 491 γένωνται.
498 442 649 490 Καῖσαρ
683 440 723 478 δὲ
757 443 815 478 καὶ
848 443 927 490 περὶ
956 449 1060 479 τοῦτο
1088 441 1305 491 διαμαρτεῖν
1324 451 1434 494 φησιν
1454 445 1579 488 αὑτὸν,

1023 506 1036 526 ⁸
1073 508 1114 543 ἐν
1142 509 1242 558 ἀρχῇ
1274 511 1480 557 γινομένην
1501 507 1583 556 σιἰῥ·

125 575 239 622 ῥαξιν,
261 574 307 607 ὡς
326 571 367 606 ἓν
386 585 425 606 τε
444 574 522 606 ταῖς
541 571 705 616 πληγαῖς
723 567 817 615 βίαν
833 572 1059 617 προστίθησι,
1074 572 1131 606 καὶ
1154 574 1359 607 συνεκκαίει
1374 570 1436 607 τὸν
1451 571 1580 620 θυμὸν,

126 513 367 557 ἀγνοήσαντα
395 509 461 551 τὴν
494 507 588 554 μετὰ
609 504 744 552 δρόμου
764 508 821 542 καὶ
841 505 1006 556 φοβερὰν

126 638 164 673 ἐκ
194 640 343 673 πάντων
368 632 720 684 ἀναῤῥιπιέόμενον.
787 632 909 670 Αὐτὸς
929 631 971 669 δὲ
990 640 1105 670 κινεῖν
1125 636 1191 679 τὴν
1211 635 1395 684 φάλαγγα
1415 637 1581 682 μέλλων,

127 702 185 736 καὶ
218 700 356 748 προϊὼν
388 697 442 733 ἐπ’
473 698 583 744 ἔργον
621 694 702 740 ἤδη,
742 703 883 744 πρῶτον
913 697 980 745 ὁρᾷ
1011 704 1083 734 τῶν
1117 701 1323 747 ταξιαρχῶν
1355 697 1471 746 ἄνδρα
1501 701 1584 735 τινὰ

127 762 258 800 πιστὸν
279 763 374 811 αὐτῷ
394 761 452 796 καὶ
472 762 647 809 πολέμων
667 761 853 808 ἔμπειρον,
874 761 1166 808 ἐπιθαρσύνοντα
1198 760 1276 798 τοὺς
1308 762 1364 808 ὑφ’
1397 763 1494 813 αὐτῷ
1525 764 1585 799 καὶ

467 824 482 845 9

126 824 452 874 προσκαλούμενον
515 825 566 860 εἷς
599 825 746 872 ἄμυναν
776 824 901 866 ἀλκῆς.
966 823 1109 860 Τοῦτον
1130 825 1318 872 ὀνωμαστὶ
1335 824 1586 871 προσαγορεύ-

127 901 204 927 σας·
232 888 282 925 Τί
302 888 522 935 ἑλπίέομεν,
544 884 661 931 εἶπεν,
683 883 709 922 ὦ
743 884 834 922 Γάϊε
854 886 1115 933 Κρασσίνιε,10

1149 887 1206 922 καὶ
1226 893 1300 923 πῶς
1319 903 1352 923 τι
1370 888 1400 905 ¹¹
1431 888 1584 934 θράσους

128 955 292 1005 ἕχομεν;
341 952 359 986 ὁ
394 949 435 987 δὲ
467 950 706 998 Κρασσίνιος,
737 951 902 986 ἐκτείνας
934 952 1000 994 τὴν
1031 948 1168 995 δεξιὰν,
1207 951 1266 986 καὶ
1301 952 1402 998 μέγα
1427 948 1585 996 βοήσας·

127 1018 354 1066 Νικήσομεν,
375 1016 456 1064 ἔφη,
477 1016 664 1063 λαμπρῶς,
699 1010 725 1050 ὦ
757 1013 921 1061 Καῖσαρ,
957 1014 1024 1062 ἐμὲ
1055 1016 1128 1062 γὰρ
1158 1015 1180 1058 ἢ
1214 1015 1338 1053 ἐῶντα
1372 1014 1585 1063 τῆμερον,ἢ

127 1081 334 1126 τεθνηκότα,
356 1079 577 1114 ἐπαινέσεις.
631 1075 745 1114 Ταῦτ’
762 1078 888 1120 εἰπὼν,
910 1084 1045 1125 πρῶτος
1071 1076 1261 1126 ἐμβάλλει
1292 1081 1365 1113 τοῖς
1397 1079 1588 1124 πολεμίοις

126 1143 256 1195 δρόμῳ,
279 1145 650 1190 συνεπισπασάμενος
671 1138 750 1178 τούς
783 1142 862 1190 περὶ
893 1141 1006 1179 αὑτὸν
1025 1142 1157 1179 ἑκατὸν
1177 1143 1293 1179 ε’ίκοσι
1315 1141 1589 1190 ‹ramathas-¹²

129 1207 317 1254 Διακόψας
347 1204 386 1242 δὲ
412 1205 494 1242 τοὺς
524 1206 695 1254 πρώτους,
717 1207 775 1242 καὶ
808 1207 932 1255 πρόσω
958 1213 1089 1257 χωρῶν
1107 1208 1206 1257 φόνῳ
1228 1208 1357 1257 πολλῷ
1378 1207 1435 1242 καὶ
1455 1203 1590 1250 βιαέό-

130 1287 255 1322 μενος,
289 1270 536 1308 ἀνακόπτεται
572 1270 665 1319 ξίφει
702 1271 860 1316 πληγεὶς
893 1268 955 1307 διὰ
987 1277 1050 1307 τοῦ
1083 1271 1274 1319 στόματος,
1309 1273 1402 1306 ὥστε
1433 1269 1491 1305 καὶ
1522 1268 1588 1310 τὴν

130 1336 274 1386 αἰχμὴν
293 1333 381 1381 ὑπὲρ
402 1332 441 1369 τὸ
463 1333 559 1369 ἰνίον
578 1333 778 1381 ἀνασχεῖν.

672 1553 708 1595 C
721 1553 765 1595 A
780 1554 833 1596 P.
897 1555 1035 1596 XLV

130 1682 274 1724 Equites
288 1680 444 1721 Pompeii
461 1680 589 1720 impetu
603 1680 636 1711 in
652 1680 767 1712 hostes
783 1679 874 1712 facto
886 1680 1039 1712 faciebus
1057 1681 1124 1712 suis
1140 1684 1334 1712 metuentes
1350 1678 1594 1720 perturbantur

173 1740 209 1767 et
225 1735 372 1775 turpiter
387 1732 534 1773 fugiunt.
579 1733 659 1774 Ipse
689 1735 856 1765 attonitus
873 1735 906 1765 in
923 1734 1183 1765 tabernaculum
1213 1733 1315 1771 redit,
1343 1737 1501 1763 eventum
1528 1740 1594 1761 ma-

172 1797 268 1825 nenS,
284 1787 392 1818 donec
424 1786 544 1817 castris
562 1786 628 1817 suis
645 1787 717 1827 jam
743 1788 952 1828 oppugnatis
972 1793 1063 1819 veste
1081 1791 1212 1818 mutata
1228 1785 1330 1826 fugit.
1387 1785 1428 1816 In
1445 1785 1594 1825 AEgypto

176 1840 358 1872 occiditur.

183 1945 291 1985 Οὕτω
324 1944 364 1982 δὲ
394 1952 466 1982 τῶν
495 1945 622 1986 πεέῶν
653 1947 745 1981 κατὰ
779 1944 818 1982 τὸ
853 1945 970 1995 μέσον
1000 1946 1260 1995 συῤῥαγέντων
1279 1945 1338 1982 καὶ
1369 1944 1596 1995 μαχομένων

790 2070 934 2103 NOTAE

178 2148 198 2176 7
219 2145 271 2175 Ἐν
293 2144 449 2186 προβολῇ]
496 2145 534 2175 In.
559 2145 730 2185 procinctu.
775 2146 837 2177 To-

136 2200 208 2227 tum
224 2194 330 2225 ferme
357 2194 444 2224 hunc
472 2194 582 2224 locum
600 2195 741 2234 repetiit
757 2195 838 2226 Plu-

135 2245 272 2277 tarchus
289 2244 322 2274 in
341 2244 503 2284 Pompeio
520 2254 549 2275 c.
567 2247 634 2283 69„
657 2245 716 2275 ubi
733 2246 837 2277 etiam

137 2297 227 2327 sicut
253 2295 286 2325 in
315 2294 472 2335 Appiano
495 2304 524 2326 c.
540 2297 606 2331 79„
630 2295 837 2335 potissimum

136 2340 218 2377 'vero
246 2355 300 2386 ap.
331 2345 418 2376 Caes.
451 2354 505 2375 111.
536 2348 589 2376 92.
620 2349 672 2377 93.
703 2357 836 2378 causam

135 2395 226 2435 vide,
253 2405 313 2426 cur
331 2395 452 2435 Pomp.
471 2397 533 2427 hoc
553 2396 706 2437 jusserit,
723 2398 839 2429 Caesar

136 2445 406 2487 reprehenderit.

179 2500 199 2528 8
221 2495 372 2536 Φοβερὰν]
416 2494 570 2527 Praefero
601 2507 676 2527 cum
707 2497 840 2538 Bryano

137 2547 245 2588 φορᾶς,
260 2545 348 2587 quod
366 2545 504 2576 exhibet
520 2546 557 2577 C.
576 2547 657 2577 Par.

142 2589 145 2593 ’
180 2600 201 2628 9
224 2595 398 2636 Προσκαλ]
444 2596 565 2626 Reiske
582 2597 710 2627 mavult
731 2608 842 2636 προκα-

140 2645 299 2685 λούμενον.

184 2702 224 2730 10
246 2698 377 2740 Κρασσ.]
391 2697 596 2729 Crassinium
614 2697 709 2728 Plut.
727 2702 842 2729 nostro

891 2148 979 2187 loen,
1008 2148 1046 2179 C.
1065 2147 1279 2179 Crassianam
1306 2146 1340 2177 in
1366 2155 1401 2178 v.
1418 2146 1541 2186 Pomp.
1566 2155 1597 2176 c.

891 2200 960 2237 71„
977 2197 1171 2229 Crastinum
1189 2196 1368 2237 Appianus
1384 2196 1538 2236 appellat
1555 2204 1599 2226 11.

893 2250 960 2286 82„
991 2248 1145 2278 Lucanus
1175 2256 1242 2277 vu.
1272 2249 1361 2285 471„
1397 2246 1511 2277 Livius
1542 2255 1598 2285 ap.

892 2298 1105 2328 Scholiasten
1132 2298 1174 2327 ad
1205 2298 1394 2335 Lucanum,
1420 2301 1456 2326 et
1484 2296 1600 2326 Caesar

894 2349 935 2379 Β.
953 2349 992 2380 C.
1011 2357 1068 2378 111.
1086 2351 1138 2379 91.
1166 2347 1238 2387 ubi,
1261 2347 1350 2378 sicut
1377 2356 1408 2377 c.
1425 2349 1478 2377 99.
1503 2346 1601 2386 plura

896 2398 937 2429 de
954 2399 1088 2428 homine
1106 2397 1234 2428 videas,

939 2451 977 2479 ll
1003 2450 1070 2479 Πῶς
1086 2447 1131 2487 τι]
1176 2448 1268 2487 Lege
1286 2456 1361 2477 cum
1379 2445 1552 2486 Stephano
1567 2449 1603 2475 et

897 2498 982 2529 Cod.
1002 2498 1112 2529 Anon.
1125 2499 1188 2528 πῶς
1202 2498 1258 2527 τοῦ
1273 2495 1411 2537 θράσους.
1457 2495 1600 2526 Blinime

896 2546 970 2577 fero
988 2547 1115 2578 Reiskii
1133 2547 1425 2577 emendationem:
1460 2546 1523 2576 πῶς
1547 2556 1601 2575 κα-

895 2596 1074 2634 ταπλήξεως
1088 2596 1107 2632 ἢ
1123 2595 1251 2635 θάρσους
1267 2595 1391 2633 ἔχομεν.

940 2648 980 2677 12
997 2644 1207 2685 Στρατιώταις]
1225 2645 1293 2678 Qui
1310 2643 1490 2676 voluntarii
1505 2648 1603 2675 erant

898 2695 1082 2736 prosecuti.
