1872 3104
602 165 643 193 ο.
674 163 710 192 J.
744 159 965 190 cAEsmus
999 158 1131 189 νιίἈ.
1484 151 1594 192 1991

670 396 705 437 C
720 395 762 437 A
777 396 828 437 P.
884 395 1061 438 LXIV.

138 497 300 530 Decimus
324 496 466 535 Brutus,
483 505 525 526 ex
543 496 740 536 conjuratis,
756 496 951 537 haruspices
969 501 1002 526 et
1019 495 1146 526 somnia
1170 494 1341 526 irridendo
1364 499 1399 526 et
1414 494 1594 536 monendo,

177 554 330 581 senatum
343 559 383 580 eo
399 550 453 580 die
482 549 607 580 Caesari
633 558 752 579 nomen
770 549 858 589 regis
885 549 917 579 iu
935 549 1120 589 provinciis
1143 548 1373 586 decreturum,
1391 548 1501 579 eidem
1520 555 1595 581 tan-

176 603 253 634 dem
271 604 303 634 in
318 608 470 634 senatum
489 604 537 634 ire
554 601 751 643 persuadet.

184 677 249 714 Ἐν
281 676 322 714 δὲ
353 682 465 729 τούτῳ
497 677 649 728 Δέκιμος
680 677 846 727 Βροῦτος,
874 679 1069 723 ἐπίκλησιν
1087 675 1298 724 Ἀλβῖνος,ι
1334 678 1595 726 πιστευόμενος

129 740 200 789 μὲν
214 742 281 778 ὑπὸ
303 742 609 791 Καίσαρος,ὥστε
629 744 687 779 καὶ
707 741 868 791 δεύτερος
887 743 945 779 ὑπ’
960 744 1068 780 αὐτοῦ
1089 742 1312 789 κληρονόμος
1327 741 1342 758 ²
1363 743 1588 789 γεγράφθαι,

133 810 204 842 τοῖς
224 804 265 842 δὲ
280 808 361 856 περὶ
381 806 542 855 Βροῦτον
560 808 625 844 τὸν
644 809 768 856 ἕτερον
797 809 856 844 καὶ
876 807 1047 844 Κάσσιον
1075 809 1245 855 μετέχων
1264 810 1324 846 τῆς
1345 808 1591 853 συνωμοσίας,

132 867 318 917 φοβηθεὶς,
357 873 420 919 μὴ,
461 874 526 915 τὴν
563 872 704 920 ἡμέραν
739 871 886 915 ἐκείνην
932 868 1245 918 διακρουσαμένου
1281 871 1343 904 τοῦ
1389 867 1593 915 Καίσαρος,

131 933 304 971 ἔκπυστος
326 937 345 978 ἦ
365 938 488 983 πρᾶξις
509 939 674 981 γένηται,
689 934 770 972 τούς
789 951 827 971 τε
846 934 994 984 μάντεις
1013 933 1216 984 ἐχλεύαὲε,
1234 933 1292 968 καὶ
1307 933 1509 976 καθήπτετο
1529 936 1592 967 τοῦ

130 996 332 1046 Καίσαρος,
353 1001 398 1035 ὡς
418 1001 539 1035 αἰτίας
558 1000 617 1034 καὶ
638 997 820 1045 διαβολὰς
836 998 950 1048 ἑαυτῷ
966 1000 1150 1046 κτωμένου
1170 995 1257 1044 πρὸς
1276 998 1342 1040 τὴν
1363 997 1586 1042 σύγκλητον,

130 1061 376 1110 ἐντρυφᾶσθαι
409 1060 600 1098 δοκοῦσαν·
631 1064 731 1106 ἥκειν
751 1062 822 1111 μὲν
854 1063 926 1109 γὰρ
946 1062 1073 1104 αὐτὴν,
1096 1062 1336 1096 κελεύσαντος
1358 1060 1512 1103 ἐκείνου,
1534 1058 1593 1094 καὶ

128 1126 328 1174 προθύμους
348 1123 444 1161 εἶναι
464 1126 697 1176 ψηφίέεσθαι
715 1126 868 1170 πάντας,
891 1125 986 1161 ὅπως
1006 1131 1078 1162 τῶν
1103 1124 1201 1161 έκτὸς
1217 1122 1377 1160 Ἰταλίας
1399 1123 1590 1172 ἐπαρχιῶν

127 1187 309 1235 βασιλεὺς
327 1189 604 1238 ιἰναγορεὺοιτο,
628 1191 686 1226 καὶ
706 1193 834 1240 φοροίη
866 1187 1024 1237 διάδημα
1057 1190 1124 1232 τὴν
1158 1188 1283 1231 ἄλλην
1303 1187 1416 1223 ἐπιὼν
1436 1192 1510 1232 γῆν
1530 1185 1590 1221 καὶ

128 1253 340 1289 θάλασσαν·
371 1256 402 1289 εἰ
424 1252 463 1289 δὲ
484 1254 618 1302 φράὲοι
648 1269 702 1291 τις
737 1255 858 1290 αὐτοῖς
886 1252 1162 1301 καθεὲομένοις,
1194 1258 1261 1287 νῦν
1293 1252 1365 1299 μὲν
1395 1251 1593 1288 ἀπαλλάτ-

127 1318 266 1359 τεσθαι,
284 1322 460 1365 παρεῖναι
481 1315 509 1352 δ’
529 1315 643 1361 αὖθις,
662 1317 752 1353 ὅταν
773 1316 920 1366 έντὺχοι
939 1313 1135 1361 βελτίοσιν
1157 1315 1308 1363 ὀνείροις
1327 1314 1588 1363 Καλπουρνία,

127 1382 228 1416 τίνας
248 1381 401 1417 ἔσεσθαι
421 1382 554 1427 λόγους
574 1381 672 1428 παρὰ
693 1387 765 1417 τῶν
785 1378 1039 1430 φθονουντωνς
1082 1379 1104 1421 ἢ
1135 1382 1220 1414 τίνα
1252 1384 1324 1414 τῶν
1355 1380 1476 1427 φίλων
1504 1379 1591 1415 ἀνέ·

126 1445 263 1488 ξεσθαι,
285 1440 545 1487 διδασκόντων,
567 1445 612 1480 ὡς
630 1445 714 1493 οὐχὶ
735 1441 888 1479 δουλεία
916 1447 1031 1479 ταῦτα
1063 1443 1121 1478 καὶ
1151 1443 1319 1490 τυραννίς
1347 1441 1472 1485 έστιν;
1503 1443 1592 1478 ἀλλ’

127 1507 158 1543 εί
180 1504 280 1543 δοκεῖ
299 1510 456 1551 πάντως,
478 1507 556 1558 ἔφη,
587 1510 652 1552 τὴν
671 1508 813 1556 ἡμέραν
832 1507 1130 1556 ἀφοσιώσασθαι,
1151 1503 1306 1552 βέλτιον
1327 1504 1440 1541 αὑτὸν
1459 1507 1591 1552 προελ-

127 1571 240 1607 θόντα
262 1572 319 1606 καὶ
339 1573 696 1620 προσαγορεύσαντα
715 1572 782 1615 τὴν
800 1568 946 1617 βουλὴν
957 1570 1193 1617 ὑπερθέσθαι.
1232 1566 1347 1604 Ταῦθ’
1367 1568 1446 1617 ἅμα
1463 1570 1591 1616 λέγων

127 1633 146 1668 ὀ
178 1632 345 1681 Βροῦτος,
380 1631 450 1681 ἦγε
480 1641 539 1678 τῆς
571 1634 694 1684 χειρὸς
724 1631 935 1682 λαβόμενος
963 1633 1028 1670 τὸν
1056 1633 1249 1681 Καίσαρα,
1281 1633 1339 1668 καὶ
1371 1631 1501 1681 μικρὸν
1518 1633 1590 1681 μὲν

127 1697 223 1747 αὐτῷ
243 1698 459 1744 προελθόντι
480 1705 552 1734 τῶν
580 1700 697 1746 θυρῶν
714 1698 852 1740 οἰκέτης
872 1697 1070 1746 ἀλλότριος
1089 1697 1262 1745 ἐντυχεῖν
1283 1696 1588 1743 προθυμούμενος,

127 1762 173 1796 ὡς
192 1762 325 1804 ἡττᾶτο
345 1768 408 1796 τοῦ
437 1762 519 1810 περὶ
538 1761 679 1797 ἐκεῖνον
700 1761 863 1809 ὠθισμοῦ
895 1760 953 1795 καὶ
983 1761 1154 1803 πλῆθους,
1187 1757 1415 1806 βιασάμενος
1443 1759 1494 1794 εἰς
1523 1760 1590 1802 τὴν

125 1824 257 1868 οἰκίαν,
287 1822 499 1873 παρέδωκεν
529 1823 660 1860 ἑαυτὸν
680 1826 722 1876 τῇ
741 1822 999 1871 Καλπουρνίᾳ,
1028 1821 1227 1872 φυλάττειν
1259 1819 1446 1863 κελεύσας,
1481 1821 1590 1871 ἄχρις

125 1887 174 1923 ἂν
211 1888 400 1941 ἐπανέλθῃ
434 1889 600 1938 Καῖσαρ,
640 1890 685 1924 ὡς
717 1888 817 1937 ἔχων
854 1887 1007 1936 μεγάλα
1042 1889 1246 1935 πράγματα
1279 1889 1468 1921 κατειπεῖν
1500 1883 1588 1933 πρὸς

124 1952 248 1989 αὐτόν.

786 2056 925 2088 NOTAE

169 2123 184 2151 1
208 2119 388 2158 Ἐπίκλησιν
412 2120 572 2161 Ἀλβῖνος]
603 2119 691 2153 Quia
707 2129 726 2151 a
742 2121 826 2152 Pos-

125 2170 231 2202 tumio
264 2170 388 2202 Albino
428 2171 611 2211 adoptatus
641 2170 715 2202 fuit.
772 2170 827 2203 Cf.

124 2220 353 2260 Havercamp.
369 2221 410 2251 ad
429 2221 530 2252 Thes.
549 2221 684 2252 Morell.
703 2231 738 2262 p.
752 2224 826 2254 356.

167 2274 186 2300 2
222 2269 372 2310 Δεύτερος
398 2269 601 2310 κληρόνομος]
639 2271 694 2301 De
722 2275 826 2302 testa-

123 2324 238 2351 mento
255 2320 402 2351 Caesaris
419 2321 511 2360 legas
527 2321 621 2352 Suet.
635 2321 706 2352 Jul.
724 2331 754 2352 c.
773 2324 825 2352 83.

123 2380 165 2404 ,εχ
191 2380 258 2411 quo
286 2371 357 2402 haec
388 2371 542 2402 ascribo:
584 2372 658 2402 Tres
685 2371 826 2402 instituit

123 2422 267 2458 hoerecles‚
289 2431 424 2451 sororum
447 2425 578 2462 nepotes,
603 2423 640 2452 C.
661 2422 824 2453 Octavium

122 2481 162 2502 m·
181 2472 340 2505 dodrante,
368 2474 395 2502 et
421 2471 460 2503 L.
477 2471 642 2502 Pinariam»
659 2475 686 2502 et
707 2471 747 2505 Q.
768 2472 825 2502 Pe-

880 2122 965 2153 dium
981 2131 1020 2152 esc
1035 2121 1207 2161 quadrante
1219 2119 1436 2159 reliqum—D.
1449 2119 1588 2150 Brutum

881 2172 976 2203 etiam
1003 2172 1035 2202 in
1060 2171 1202 2202 secundis
1217 2169 1400 2201 hcm-edibus.
1446 2169 1523 2200 Hoc
1539 2169 1588 2200 ita

881 2221 1065 2261 intelligas,
1092 2222 1137 2252 D.
1162 2221 1308 2251 Brutum
1340 2224 1375 2250 et
1404 2219 1453 2249 M.
1480 2218 1588 2250 Anto-

879 2272 970 2303 nium
1004 2272 1199 2313 designatos
1228 2270 1344 2310 fuisse,
1375 2274 1425 2308 ut,
1457 2269 1484 2299 si
1513 2269 1586 2309 quis

878 2322 1052 2353 haeredum
1068 2323 1123 2352 vel
1137 2321 1338 2352 haereditate
1353 2329 1413 2350 sua
1433 2318 1585 2358 cederet,

879 2373 933 2403 vel
957 2373 1028 2404 sine
1057 2372 1193 2403 haerede
1223 2375 1425 2408 moreretur,
1451 2370 1485 2400 in
1513 2369 1584 2409 ejus

879 2424 992 2454 locum
1019 2423 1257 2454 succederent.
1303 2421 1472 2452 Narratur
1498 2418 1584 2449 adeo

880 2473 927 2504 D.
944 2474 1070 2504 Brutus
1081 2473 1228 2504 Octavio
1245 2470 1448 2502 substitutus
1467 2467 1584 2500 fuisse.
