1872 3104
600 159 641 189 c.
673 158 709 188 J.
742 156 958 188 CAESARxs
992 157 1123 186 vim.
1470 150 1580 191 1971

130 258 383 303 πραττομένην
402 254 459 290 ὑπ’
478 252 663 303 Ἀχίλλα,
685 256 746 288 τοῦ
766 256 986 299 στρατηγοῦ,
1008 253 1066 288 καὶ
1088 250 1285 296 Ποθεινοῦ,
1307 258 1369 289 τοῦ
1389 255 1580 305 εὐνούχου.

128 316 302 365 ψωράσας
332 317 362 354 δ’
391 318 409 352 ι’)
440 316 600 362 Καῖσαρ,
634 317 793 365 φρουρὰν
824 315 895 364 μὲν
926 318 1144 362 περιέστησε
1177 319 1226 366 τῷ
1255 314 1425 363 ἀνδρῶνι,
1447 318 1509 353 τὸν
1542 317 1581 354 ἔὲ·

496 379 513 398 4

129 380 310 418 Ποθεινὸν
328 382 493 417 ἀνεῖλεν.
563 378 609 415 Ὀ
639 377 668 415 δ’
695 379 883 429 Ἀχίλλας
904 382 1032 428 φυγὼν
1052 382 1103 416 εἷς
1122 380 1160 416 τὸ
1183 378 1443 428 στρατόπεδον,
1467 383 1581 427 περιϊ-

130 460 259 490 στησιν
280 446 375 494 αὐτῷ
402 442 524 490 βαρὺν
545 444 604 479 καὶ
625 441 977 493 δυσμεταχείριστον
997 444 1174 490 πόλεμον,
1209 443 1392 494 ὀλιγοστῷ
1408 445 1419 465 ⁵
1455 444 1584 480 τοσαί-

128 524 194 552 την
213 509 429 558 ἀμυνομένῳ
457 509 567 543 πόλιν
587 509 643 542 καὶ
663 505 835 554 δύναμιν.
898 506 962 543 Ἐν
991 504 1022 558 ᾦ
1053 513 1193 554 πρῶτον
1225 508 1295 556 μὲν
1327 505 1583 543 ἐκινδύνευσεν

127 569 256 607 ὕδατος
273 571 540 607 ἀποκλεισθείς·
557 568 573 592 ⁶
593 570 631 606 αι’
654 571 725 616 γὰρ
745 568 919 620 διώρυχες
937 568 1276 620 ἀπῳκοδομήθησαν
1296 571 1364 607 ὑπὸ
1385 577 1456 607 τῶν
1476 573 1584 606 πολε-

124 637 231 683 μίων.
287 633 466 683 Δεύτερον
487 632 558 678 δὲ,7
579 636 883 683 περικοπτόμενος
903 634 966 671 τὸν
987 636 1134 678 στόλον,
1156 636 1373 681 ἠναγκάσθη
1394 632 1453 670 διὰ
1473 634 1586 681 πυρὸς

125 699 349 735 ἀπώσασθαι
369 698 432 735 τὸν
453 696 634 741 κίνδυνον,
668 699 686 735 ὁ
721 700 779 735 καὶ
799 700 865 742 τὴν
883 699 1057 746 μεγάλην
1075 696 1324 744 βιβλιοθήκην
1345 699 1384 734 ἐκ
1403 703 1475 734 τῶν
1495 712 1583 734 νεω-

124 765 213 810 ρίων
229 763 499 812 ἐπινεμόμενον
519 760 712 813 διέφθειρε.
776 761 912 811 Τρίτον
942 760 997 806 δὲ,
1026 764 1106 808 περὶ
1139 766 1181 815 τῇ
1211 761 1315 812 Φάρῳ
1344 762 1467 811 μάχης
1500 776 1585 798 συν-

123 830 293 871 εστώσης,
317 825 548 872 κατεπήδησε
568 827 638 875 μὲν
659 826 732 863 ἀπὸ
753 833 816 863 τοῦ
835 827 1006 876 χώματος
1024 828 1074 861 εἷς
1093 826 1260 868 ἀκάτιον,
1279 827 1336 861 καὶ
1357 823 1584 872 παρεβοήθει

124 895 195 927 τοῖς
215 891 523 938 ἀγωνιὲομένοις.
579 889 858 927 Ἐπιπλεόντων
890 887 932 925 δὲ
959 890 1203 939 πολλαχόθεν
1222 890 1319 939 αὐτῷ
1341 894 1413 924 τῶν
1433 887 1586 934 Αἰγυπ-

125 957 221 997 τίων,
243 954 354 1002 ῥίψας
375 955 506 991 ἑαυτὸν
539 956 590 991 εἷς
623 956 689 998 τὴν
721 953 934 996 θάλασσαν,
961 953 1170 997 ἀπενήξατο
1187 953 1294 1001 μόλις
1314 952 1374 987 καὶ
1392 952 1583 1001 χαλεπῶς.

116 1014 211 1054 “Ore
232 1019 291 1053 καὶ
312 1020 466 1063 λέγεται
496 1014 672 1064 βιβλίὲια
693 1022 833 1065 κρατῶν
853 1017 991 1061 πολλὰ,
1022 1018 1073 1065 μὴ
1110 1019 1287 1063 προέσθαι
1317 1014 1555 1064 βαλλόμενος
1569 1014 1583 1035 ⁸

126 1083 184 1117 καὶ
203 1079 493 1131 βαπτιὲόμενος,
514 1082 599 1118 ἀλλ’
629 1081 779 1130 ἀνέχων
810 1079 900 1127 ὑπὲρ
931 1085 992 1123 τῆς
1021 1079 1214 1125 θαλάσσης
1243 1083 1288 1116 τὰ
1318 1076 1508 1126 βιβλίδια,
1542 1081 1587 1132 τῇ

125 1145 230 1193 ἑτέρᾳ
248 1147 346 1196 χειρὶ
368 1144 594 1197 νήχεσθαι·9
621 1145 661 1182 τὸ
682 1142 712 1181 δ’
732 1145 884 1181 ἀκάτιον
904 1143 1007 1181 εὐθὺς
1025 1142 1256 1190 ἑβυθίσθη.“ο
1310 1143 1428 1180 Τέλος
1450 1142 1501 1188 δὲ,
1522 1152 1586 1181 τοῦ

124 1206 311 1251 βασιλέως
338 1208 425 1256 πρὸς
454 1209 534 1246 τοὺς
567 1211 765 1257 πολεμίους
796 1208 1123 1259 ἀποχωρήσαντος,
1150 1208 1317 1243 ἐπελθὼν
1337 1208 1395 1243 καὶ
1417 1208 1587 1255 συνάψας

125 1275 254 1321 μάχην
287 1273 446 1317 ἐνίκησε,
479 1275 630 1309 πολλῶν
658 1274 861 1316 πεσόντων,
895 1273 1007 1309 αὐτοῦ
1040 1286 1080 1308 τε
1110 1275 1174 1308 τοῦ
1203 1269 1392 1318 βασιλέως
1421 1273 1586 1321 ἀφανοῦς

348 1339 376 1355 11

127 1338 341 1384 γενομένου.
440 1337 673 1373 Καταλιπὼν
702 1334 742 1372 δὲ
773 1337 840 1379 τὴν
859 1335 1109 1383 Κλεοπάτραν
1126 1333 1408 1382 βασιλεύουσαν
1435 1336 1586 1381 Αἰγύπ-

783 1437 924 1470 NOTAE

166 1504 185 1533 4
220 1502 373 1543 Ἀνεὶλεν]
418 1502 527 1533 Aliam
558 1502 696 1533 Pothini
727 1501 828 1533 occisi

125 1561 259 1583 causam
277 1552 374 1583 dedit
390 1554 516 1584 Caesar.
534 1563 563 1584 e.
582 1555 654 1583 112.

881 1509 1009 1540 grasse,
1045 1500 1144 1532 multi
1181 1505 1260 1531 sunt
1297 1504 1466 1531 auctores.
1533 1499 1586 1532 Cf.

883 1551 972 1582 Caes.
997 1560 1052 1581 111.
1080 1554 1151 1582 lll.
1209 1551 1326 1581 Caesar
1350 1550 1454 1590 igitur
1479 1551 1587 1582 classe

167 1607 185 1633 5
215 1603 407 1643 Ὀλιγοστῷ]
452 1604 577 1635 Reiske
608 1612 701 1644 susp.
730 1601 829 1642 ὀλίγῳ

125 1652 258 1692 στράτῳ.
310 1653 426 1684 Caesar
453 1663 508 1684 111.
534 1654 636 1685 millia
660 1653 826 1695 peditum,

126 1708 161 1734 et
174 1703 388 1743 octingentos
405 1704 558 1744 equites3
588 1702 740 1735 Achillas
756 1703 830 1734 mil-

124 1753 169 1783 lia
186 1753 304 1793 viginti
322 1753 354 1784 in
371 1754 473 1784 armis
494 1753 652 1794 habebat,
676 1753 719 1785 de
748 1763 829 1795 quo-

126 1812 198 1834 rum
217 1813 277 1834 usu
294 1804 343 1834 rei
361 1804 516 1834 militaris
528 1804 595 1835 vid.
609 1805 695 1836 Caes.
708 1814 739 1837 c.
754 1808 827 1836 110.

167 1857 187 1884 6
203 1851 271 1885 ”Τδ.
287 1853 417 1894 ἆποκλ.]
449 1854 591 1895 Singula
606 1855 682 1887 vide
697 1855 731 1886 in
746 1856 768 1886 l.
786 1855 828 1886 de

124 1904 213 1936 bello
244 1903 477 1936 Alexandrino
507 1915 537 1937 c.
561 1910 592 1936 5.
616 1915 712 1948 seqq.
768 1906 829 1937 Τὰς

124 1954 273 1994 διώρυχας
301 1955 533 1994 interpretare
571 1955 614 1987 de
645 1956 828 1997 specubus,

126 2006 246 2047 quibus
262 2005 474 2037 Alexandria
498 2005 640 2037 suffossa
669 2010 756 2045 erat,
785 2006 828 2037 ad

128 2056 244 2087 Nilum
260 2057 524 2096 pertinentibus,
540 2056 662 2098 quibus
682 2066 769 2097 aqua
794 2056 828 2087 in

125 2105 242 2136 domos
257 2106 493 2138 inducebatur.
532 2107 604 2138 Hos
621 2117 742 2147 specus
755 2107 829 2139 hos-

126 2162 190 2195 tes,
216 2156 391 2195 superiora
419 2161 587 2196 tenentes,
624 2157 828 2199 intersepse·

127 2211 216 2245 rant,
233 2210 268 2237 et
284 2216 372 2247 aqua
386 2207 524 2246 marina,
542 2209 619 2239 loco
642 2208 763 2249 dulcis,
778 2219 829 2240 re·

125 2257 316 2298 pleverant.

170 2311 190 2339 7
213 2306 365 2348 Δεύτερον
379 2307 427 2348 δὲ]
471 2307 610 2340 Accidit
631 2309 695 2340 hoc
719 2309 828 2350 prius-

127 2367 226 2399 quam
254 2359 368 2389 Caesar
403 2368 490 2399 aqua
528 2358 829 2400 intercluderetur,

125 2409 240 2439 statim
270 2414 344 2448 post
369 2409 511 2449 primum
537 2409 679 2441 Achillae
705 2411 829 2451 ingres·

127 2469 200 2490 sum
217 2459 251 2489 in
269 2459 396 2490 urbem.
441 2460 579 2491 Veritus
595 2460 683 2491 enim
703 2461 828 2499 Caesar,

127 2519 170 2541 ne
200 2510 314 2540 hostes
341 2520 463 2551 magna
491 2511 594 2541 classe
626 2512 828 2550 potirentur,

127 2568 241 2591 Lxxn.
290 2569 391 2590 naves
430 2560 737 2591 Alexandrinorum
783 2561 830 2591 in·

127 2615 290 2650 structas,
316 2617 351 2641 et
380 2611 536 2651 reliquas,
566 2621 640 2651 quae
671 2616 767 2641 erant
797 2611 830 2640 in

129 2660 315 2699 navalibus,
353 2660 526 2699 incendit3
571 2671 636 2702 quo
674 2661 832 2692 incendio

129 2709 368 2743 bibliothecam
405 2711 671 2743 Alexandrinam
709 2710 835 2742 confla-

882 1609 942 1630 sna
971 1600 1121 1631 nondum
1152 1599 1290 1640 afflicta,
1320 1599 1507 1640 periculum
1539 1601 1587 1630 in-

881 1655 975 1681 stans
1003 1650 1238 1682 amoliebatur.
1297 1651 1354 1681 De
1395 1651 1512 1691 praelio
1544 1651 1587 1681 ad

882 1700 1041 1739 Pharum,
1065 1710 1131 1741 quo
1157 1701 1273 1732 Caesar
1300 1710 1401 1741 snpra
1429 1701 1586 1742 quadrin-

882 1756 1003 1791 gentos
1019 1751 1145 1782 milites
1165 1751 1330 1792 perdidit,
1358 1751 1426 1783 vid.
1441 1752 1528 1783 liber
1544 1753 1586 1782 de

884 1803 924 1834 Β.
942 1801 1042 1832 Alex.
1060 1811 1090 1833 c.
1108 1804 1217 1833 19-21.

924 1855 944 1883 8
967 1850 1179 1892 Βαλλόμενος]
1215 1851 1261 1884 Η.
1280 1862 1310 1884 e.
1328 1851 1384 1883 ὑπὸ
1396 1854 1458 1883 τῶν
1471 1852 1587 1892 Αἷγνπ·

881 1900 955 1932 τίων
982 1900 1191 1942 βαλλόμενος,
1221 1902 1342 1944 quibus
1374 1903 1487 1934 verbis
1517 1904 1587 1934 Dio

884 1951 1018 1983 Cassius
1033 1952 1151 1983 utitur.
1201 1952 1370 1983 Vertendi
1385 1957 1487 1984 sunt:
1511 1963 1587 1985 cuin

877 2003 1002 2044 jaculis
1017 2002 1060 2033 ab
1073 2004 1146 2043 AEg.
1166 2008 1358 2044 peteretur.

925 2057 945 2084 9
968 2052 1144 2094 Νήχεσθαι]
1176 2052 1230 2084 Ad
1245 2054 1345 2085 aliam
1362 2054 1497 2086 navium
1514 2065 1590 2086 sua-

884 2113 969 2142 rum,
986 2113 1052 2145 qua
1068 2103 1315 2143 excipiebatur.

926 2159 965 2186 10
987 2153 1167 2195 Ἐβυθίσθη]
1202 2155 1280 2186 Non
1306 2160 1374 2187 tam
1402 2156 1445 2187 ab
1461 2156 1589 2197 AEgyp-

882 2206 950 2245 tiis,
966 2216 1067 2247 quam
1083 2205 1300 2237 multitudine
1316 2206 1556 2248 ingressorum.

926 2260 964 2288 11
988 2257 1138 2295 Ἀψανοῦς
1152 2254 1333 2297 γενομένου]
1377 2257 1524 2288 Constat
1538 2255 1588 2287 fu-

883 2308 970 2348 gisse
997 2318 1039 2338 ex
1065 2308 1183 2338 castris
1206 2317 1320 2348 regem
1334 2307 1456 2347 ipsum,
1470 2316 1589 2347 recep-

883 2363 1021 2400 tumque
1039 2358 1071 2389 in
1084 2368 1218 2398 navem,
1232 2357 1450 2389 multitudine
1461 2365 1589 2396 eorum,

883 2409 941 2449 qui
969 2409 1013 2439 ad
1039 2409 1208 2449 proximas
1237 2417 1340 2439 naves
1365 2406 1589 2445 adnatabant,

883 2459 1038 2490 demerso
1054 2459 1201 2499 navigio,
1216 2458 1371 2499 periisse.
1403 2457 1473 2489 Lib.
1488 2458 1527 2488 de
1542 2456 1587 2487 B.

883 2511 978 2543 Alex.
1003 2520 1032 2542 c.
1062 2513 1114 2541 ³1.
1174 2511 1228 2542 Ex
1259 2509 1448 2540 Plutarcho
1475 2517 1588 2539 rerum

884 2565 1055 2600 gestarum
1084 2560 1166 2590 ordo
1197 2560 1331 2590 minime
1362 2558 1587 2600 intelligitur3

886 2612 971 2643 scias
1007 2612 1119 2652 igitur,
1150 2611 1374 2642 Mithridaten
1406 2610 1590 2650 Pergame-

886 2672 964 2692 num
979 2672 1053 2693 cum
1070 2662 1225 2693 exercitu
1249 2671 1310 2701 per
1324 2661 1457 2702 Syriam
1481 2665 1590 2691 trans-

886 2712 952 2744 isse
980 2712 1011 2743 in
1037 2712 1234 2754 AEgyptum‚
1250 2711 1457 2753 Pelusioque
1486 2715 1589 2752 capto
