1872 3104
677 192 717 220 c.
749 188 879 220 sumi
914 189 1147 219 Clusinus.
1515 182 1630 223 2055

194 297 290 336 1549
320 289 543 340 Gryphiana
565 297 665 323 vlu.
697 285 884 335 Lugduni,
906 286 1008 335 apud
1032 286 1121 323 Seb.
1144 286 1373 336 Gryphium.
1409 295 1468 328 12.

192 360 290 392 1550
321 352 477 390 Parisiis.
509 357 545 387 4.
577 349 679 399 apud
703 350 913 386 vascosan.
955 350 1057 396 (Alia
1077 350 1307 398 exemplaria
1338 349 1480 387 habent
1498 358 1627 388 notam

238 417 323 454 anni
349 417 477 459 1551.)

190 478 628 528 1551,Grypl1iana1x.
660 476 848 527 Lugduni,
884 478 984 526 apud
1018 477 1109 514 Seb.
1132 477 1364 526 Gryphium.
1401 483 1436 515 8.
1473 490 1508 514 c.
1537 476 1626 527 figg.

234 543 471 579 Memoratur
492 540 664 577 Ilarlesio
696 541 733 576 in
755 540 889 589 Suppl.
921 540 968 577 ad
1004 541 1214 578 breviorem
1236 541 1409 577 notitiam
1439 540 1494 578 lit.
1515 541 1628 579 Rom.

237 605 278 642 P.
299 615 328 641 1.
352 618 390 654 p.
415 610 504 646 272.

185 672 281 705 1555
312 668 540 717 Gryphiana
562 679 605 704 x.
628 667 819 718 Lugduni,
839 668 943 717 apud
964 668 1051 706 Seb.
1075 667 1306 718 Gryphium.
1342 674 1403 706 12.

184 729 284 769 1556
313 731 543 780 Gryphiana
565 742 629 768 xl.
661 731 852 781 Lugduni,
876 732 977 781 apud
1000 732 1091 768 Seb.
1115 731 1347 781 Gryphium.
1379 734 1416 767 8.

183 799 282 833 1558
314 795 502 843 Lugduni.
537 802 595 834 12.
626 795 726 844 apud
753 795 994 831 Frellonium.

180 879 230 885 -
260 858 433 894 Basiteae.
466 862 501 895 S.
533 871 567 894 c.
590 871 627 894 n.
653 858 771 894 llenr.
795 858 993 895 Glareaui.

177 943 228 949 -——
258 921 450 971 Lugduni.
485 927 544 960 12.
575 921 676 970 apud
702 925 791 958 Ant.
814 922 991 958 Vincent.
1013 934 1060 958 ex
1081 920 1143 959 ed.
1162 922 1223 959 J0.
1244 919 1430 958 Jucundi.

183 990 281 1028 1559
310 985 492 1021 Venetiis.
536 991 571 1023 8.
616 985 661 1021 C.
691 984 852 1022 Caesaris
885 984 1172 1029 Commentarii‚
1208 997 1296 1021 cum
1328 983 1480 1033 pictura
1510 981 1626 1020 totius

230 1048 381 1091 Galliae,
411 1049 537 1096 pontis
558 1049 594 1084 in
623 1048 773 1093 Rheno,
807 1051 882 1085 &c.
933 1048 1151 1098 Raymundi
1186 1046 1364 1084 Marliani
1405 1045 1549 1090 Indice,
1586 1051 1626 1083 et

230 1111 528 1149 correctionibus
555 1111 664 1148 Pauli
695 1111 878 1149 Manutii.
935 1111 1121 1156 venetiis,
1154 1110 1258 1160 apud
1293 1110 1453 1147 Paulum
1488 1110 1625 1146 Manu-

230 1175 338 1222 uum,
361 1175 450 1214 Aldi
471 1175 523 1213 fil.

480 1356 630 1394 AETAS
659 1357 730 1394 ΙΙΙ.
788 1354 1316 1394 GRYPHIo-BRUTINA.

763 1439 1038 1480 1560—1605.

179 1555 279 1595 1560
307 1558 535 1608 Gryphiana
567 1568 653 1595 XII.
686 1556 875 1607 Lugduni,
896 1569 958 1606 ap.
988 1555 1078 1593 Seb.
1102 1553 1338 1604 Gryphium.
1372 1559 1434 1592 12.
1463 1565 1510 1590 ex
1528 1551 1623 1590 anti-

227 1621 409 1669 quissimo
428 1621 635 1672 exemplari
667 1634 825 1666 excusa,
856 1633 945 1658 cum
973 1620 1034 1658 Jo.
1056 1617 1227 1657 Jucundi
1247 1616 1475 1669 Veronensis
1507 1628 1624 1666 expo—

226 1683 439 1721 sitionibus.

178 1746 274 1785 1561
308 1748 487 1785 venetiis.
520 1754 555 1786 S.
587 1761 673 1786 cum
695 1747 995 1786 correctionibus
1014 1747 1058 1784 P.
1083 1744 1258 1783 Manutii.

178 1808 276 1847 1563
308 1810 457 1860 Brugis.
488 1810 556 1848 sol.

172 1894 224 1900 —
253 1873 427 1911 Basileae.
461 1880 495 1912 8.
527 1874 630 1925 apud
652 1875 742 1912 Nic.
765 1874 1013 1926 Brylingium,
1047 1885 1135 1910 cum
1156 1870 1339 1910 Glareani
1366 1868 1622 1907 annotationi-

225 1935 296 1972 bus
316 1943 355 1974 et
375 1937 682 1986 expositionibus
701 1937 886 1974 Jucundi.

175 1999 276 2037 1564
306 2001 487 2038 Venetiis.
520 2006 556 2037 S.
598 2001 644 2039 C.
665 1999 754 2037 Julii
785 1999 946 2037 Caesaris
967 1997 1253 2042 commentarii,
1286 2009 1375 2034 curn
1406 1996 1468 2034 J0.
1497 1995 1622 2033 Mich.

224 2063 332 2100 Bruti
365 2064 542 2102 Scholiis.
586 2064 769 2110 Venetus,
801 2063 907 2113 apud
930 2062 1164 2101 Manutium.
1222 2060 1402 2111 Repetita
1419 2072 1480 2097 an.
1505 2058 1621 2098 1566.

230 2125 296 2162 ubi
315 2126 393 2163 vid.

177 2188 277 2227 1566
307 2190 479 2227 Basileae.
512 2195 548 2227 8.
578 2204 665 2228 cum
685 2191 783 2228 notis
806 2192 925 2228 Henr.
943 2189 1140 2228 Glareani.

174 2274 225 2280 —
252 2253 434 2290 Venetiis.
459 2260 494 2291 S.
525 2255 571 2291 C.
593 2254 682 2292 Julii
702 2254 863 2292 Caesaris
885 2252 1258 2291 Commentariorum
1277 2250 1325 2287 de
1345 2249 1447 2287 bello
1468 2248 1624 2286 Gallico

225 2316 309 2353 libri
333 2327 416 2354 ux.
453 2317 497 2353 B.
520 2317 565 2353 C.
581 2317 668 2354 libri
690 2328 760 2354 111.
805 2318 915 2354 Alex.
941 2328 970 2354 1.
991 2320 1066 2353 &c.
1111 2315 1264 2359 Galliae,
1299 2311 1498 2363 Hispaniae
1516 2312 1624 2349 loco-

229 2393 390 2430 rumque
424 2381 624 2430 iusiguium
659 2381 825 2430 pictura.
880 2381 1045 2417 Nomina
1073 2387 1153 2417 tum
1183 2385 1312 2416 vetera
1341 2384 1423 2414 tum
1456 2375 1625 2413 recentia

225 2444 446 2493 explanata.
504 2446 566 2482 J0.
609 2445 810 2482 Michaelis
843 2444 954 2483 Bruti
988 2444 1152 2488 Scholia,
1193 2442 1332 2492 quibus
1365 2440 1440 2477 loci
1472 2438 1624 2488 plurimi

227 2507 470 2544 obscuriores
491 2508 746 2557 explicantur.
776 2508 999 2556 Corrigente
1020 2506 1121 2543 Aldo
1143 2503 1320 2542 Manutio
1339 2502 1447 2540 Pauli
1468 2502 1510 2538 F.
1551 2501 1627 2538 Ve-

226 2570 336 2607 netiis
366 2570 476 2608 1566.
500 2571 536 2607 in
557 2570 703 2608 aedibus
725 2569 1228 2607 Manutianis.—-Prae111issa
1247 2574 1301 2603 est
1322 2564 1429 2604 Pauli
1458 2564 1625 2602 Manutii

223 2634 410 2684 epistola;
441 2633 581 2671 deinde
602 2633 724 2678 Bruti,
759 2645 834 2683 qua
856 2645 893 2669 se
926 2633 1051 2681 ipsum
1077 2643 1184 2667 nosse
1203 2629 1313 2673 dicit,
1345 2633 1582 2677 quantopere
1601 2639 1624 2664 a

225 2710 264 2734 se
283 2697 522 2735 elaboratum
555 2697 606 2736 sit
637 2697 676 2735 in
709 2695 952 2736 emendando
984 2696 1149 2733 Caesare.
1208 2694 1429 2742 Sequuntur
1457 2690 1620 2741 picturae
