1872 3104
664 211 704 240 0.
736 210 774 239 J.
805 207 1025 237 cAEsAmS
1059 207 1192 239 vi'rA.

1545 198 1657 244 1933

196 305 275 344 τοὺς
294 307 539 355 ἀγριωτάτους
557 305 615 340 καὶ
634 303 915 354 μαχιμωτάτους
949 310 1021 339 τῶν
1049 301 1147 354 τῇδε,
1179 301 1377 351 Νερβίους,
1399 304 1657 352 ἐστράτευσεν,

196 370 300 419 οἵπερ
321 372 370 407 εἷς
392 372 585 418 συμμιγεῖς
615 364 790 416 δρυμοὺς8
825 369 1084 415 κατῳκημένοι,
1106 367 1268 413 γενεὲις9
1299 365 1339 402 δὲ
1369 368 1429 403 καὶ
1459 373 1598 412 κτήσεις
1617 372 1658 406 ἕν

198 450 268 471 τινι
287 433 391 483 βυθῷ
411 441 470 476 τῆς
492 430 579 476 ὕλης
598 432 778 467 ἀπωτάτω
799 432 948 479 θέμενοι
980 436 1052 466 τῶν
1082 433 1285 479 πολεμίων,
1307 432 1410 467 αὐτοὶ
1430 433 1477 481 τῷ
1494 431 1660 481 Καίσαρι

196 500 403 546 ποιουμένῳ
418 496 578 546 χάρακα,
601 497 659 531 καὶ
677 497 726 545 μὴ
748 494 1034 545 προσδεχομένῳ
1053 498 1251 539 τηνικαῦτα
1271 495 1336 537 τὴν
1355 494 1498 544 μάχην,
1521 496 1663 540 ἑξακισ-

194 564 312 610 μύριοι
331 559 370 595 τὸ
391 562 526 603 πλῆθος
559 559 673 602 ὄντες,
703 555 891 608 αἰφνιδίως
912 556 1201 606 προσέπεσον.“ο
1255 557 1331 593 Καὶ
1352 556 1432 594 τοὺς
1450 559 1520 608 μὲν
1542 559 1663 596 ἱππεῖς

196 623 408 671 ἐτρέψαντο,
427 630 498 660 τῶν
519 621 560 659 δὲ
576 623 778 672 ταγμάτων
797 622 836 659 τὸ
859 620 1065 659 δωδέκατον
1081 623 1137 658 καὶ
1160 621 1200 659 τὸ
1222 619 1386 671 ἕβδομον
1406 625 1661 674 περισχόντες,

194 688 364 724 ἅπαντας
384 689 606 724 ἀπέκτειναν
620 685 699 723 τούς
720 686 963 736 τα.ξἰι]ἰρχους.ι
974 689 983 704 ¹

1043 686 1087 722 El
1110 685 1150 722 δὲ
1168 689 1218 736 μὴ
1240 686 1390 734 Καῖσαρ
1411 689 1581 735 ἁρπάσας
1599 689 1663 726 τὸν

196 751 374 799 θυρεὸν,””
395 753 453 788 καὶ
485 748 654 802 διασχὼν
674 749 753 788 τοὺς
785 751 854 798 πρὸ
883 751 993 787 αὑτοῦ
1019 754 1269 801 μαχομένους,
1292 749 1455 797 ἐνέβαλε
1480 757 1554 789 τοῖς
1573 750 1666 800 βαρ-

194 813 332 863 βάροις,
355 816 412 851 καὶ
434 815 507 851 ἀπὸ
528 821 599 851 τῶν
620 816 739 863 ἄκρων
759 814 798 851 τὸ
815 812 969 851 δέκατον
986 812 1258 851 κινδυνεύοντος
1274 815 1427 850 αὐτοῦ’3
1444 815 1661 865 κατέδραμε,

196 880 254 916 καὶ
285 877 433 926 διέκοψε
464 881 526 916 τὰς
553 878 668 925 τάξεις
696 884 767 915 τῶν
795 881 998 927 πολεμίων,
1030 876 1146 914 οὐδεὶς
1169 878 1219 914 ἂν
1252 876 1349 915 δοκεῖ
1381 883 1658 926 περιγενέσθαι.

195 942 279 980 Νῦν
300 941 341 979 δὲ
362 946 402 996 τῇ
422 943 612 992 Καίσαρος
632 944 749 994 τόλμῃ
769 943 835 985 τὴν
854 943 1068 991 λεγομένην
1087 941 1178 990 ὑπὲρ
1198 940 1358 991 δύναμιν
1377 946 1507 993 μάχην
1525 946 1664 991 ἀγωνι-

200 1007 368 1055 σάμενοι,
390 1009 585 1054 τρέπονται
604 1006 675 1054 μὲν
695 1003 767 1041 οὐδ’
786 1008 831 1041 ὣς
846 1006 880 1026 ¹⁴
910 1003 988 1041 τούς
1008 1003 1203 1054 Νερβίους,
1238 1008 1507 1044 κατακόπτουσι
1527 1006 1557 1045 δ’
1576 1009 1667 1058 ἀμυ-

765 1071 837 1118 γὰρ
871 1069 945 1106 ἀπὸ
979 1067 1172 1119 μυριάδων
1207 1072 1246 1117 ἓξ
1277 1072 1440 1116 σωθῆναι
1472 1074 1665 1119 λέγονται,

196 1135 399 1183 βουλευταὶ
419 1133 460 1172 δὲ
478 1139 572 1183 τρεῖς
591 1135 665 1172 ἀπὸ
685 1131 980 1183 τετρακοσίων.16

199 1074 384 1121 νομένους.
439 1069 730 1107 Πε·ντακόιτιοι“5

860 1251 1000 1284 NOTAE

201 1320 367 1356 ternpore,
384 1317 516 1347 Caesare
528 1316 688 1357 jubente,
705 1317 746 1348 P.
763 1318 903 1349 Crassus

200 1376 265 1398 nou
295 1367 426 1398 domuit
457 1373 535 1408 post
573 1367 814 1407 defectionem,
844 1367 903 1398 sed

199 1417 326 1457 primns
344 1417 377 1447 iu
394 1418 558 1448 ditionem
583 1422 617 1448 et
635 1422 842 1457 potestatem
859 1419 901 1449 P.

200 1467 242 1497 R.
260 1467 404 1506 redegit.
451 1466 505 1498 Cf.
524 1467 609 1498 Caes.
627 1468 668 1498 B.
687 1468 730 1499 G.
750 1477 791 1498 11.
806 1470 859 1499 34.

243 1520 262 1548 8
285 1518 423 1549 Teucris
454 1518 631 1549 arboribus
656 1519 772 1549 incisis
800 1523 903 1559 atque

199 1568 346 1608 inflexis,
385 1570 581 1612 crebrisque
617 1570 651 1600 in
691 1570 905 1601 latitudinem

201 1620 299 1650 ramis
317 1620 425 1650 enatis
443 1624 478 1651 et
504 1620 596 1651 rubis
623 1620 841 1662 sentibusque
858 1620 906 1651 in-

202 1672 358 1713 terjectis
384 1670 571 1703 effecerant
598 1671 764 1714 (Nervii),
792 1677 830 1703 ut
860 1672 909 1702 in-

203 1725 274 1752 star
290 1721 376 1751 muri
393 1721 442 1751 hae
459 1730 557 1760 sepes
587 1721 796 1752 munimenta
822 1732 907 1762 prte-

203 1771 339 1810 berent,
356 1782 421 1812 quo
435 1781 501 1801 non
519 1771 619 1801 modo
634 1772 765 1811 intrari,
791 1772 850 1803 sed
869 1782 909 1802 ne

203 1823 355 1863 perspici
371 1822 506 1863 quidem
529 1827 654 1863 posset.
701 1823 781 1853 (ἀς.
798 1831 838 1852 11.
857 1825 909 1852 17.

205 1875 270 1906 Ha:
301 1885 398 1915 sepes
428 1879 507 1905 sunt
538 1874 715 1905 Plutarchi
749 1876 911 1914 συμμιγεῖς

205 1923 319 1965 δρυμοὶ,
336 1926 366 1956 h.
383 1935 412 1955 e.
430 1931 527 1965 septa
544 1925 650 1956 instar
663 1925 846 1965 sylvarum,
867 1935 910 1956 ex

206 1976 309 2006 variis
327 1976 503 2007 arboribus
520 1976 707 2007 commissa.
736 1976 909 2007 Similibus

206 2028 310 2068 septis
326 2028 428 2058 etiam
455 2027 567 2058 Mardi
594 2036 701 2067 prope
725 2036 816 2057 marc
833 2027 911 2058 Cas-

207 2078 300 2120 pium
315 2079 399 2109 fines
416 2088 491 2109 suos
510 2077 706 2109 tuebantur.

252 2132 272 2159 9
306 2128 428 2168 Γενεὰς]
464 2129 624 2166 Liberos3
657 2128 743 2159 adde
769 2138 811 2158 cx
838 2128 912 2159 Cae-

203 2188 304 2210 sare:
330 2179 500 2216 mulieres,
515 2188 655 2219 cosque,
674 2179 730 2219 qui
755 2187 815 2218 per
831 2183 912 2209 aeta-

207 2235 277 2261 tem
294 2230 335 2260 ad
353 2239 498 2270 pugnam
516 2229 652 2259 inutiles
669 2229 877 2260 viderentur.

254 2283 294 2310 10
317 2278 530 2320 Προσέπεσον]
553 2280 693 2319 Singula
719 2279 760 2309 de
785 2279 848 2310 hac
869 2279 911 2310 ad

209 2329 313 2361 Sabin
343 2330 520 2361 commissa
556 2339 668 2371 pugna
706 2329 785 2361 vide
823 2330 911 2371 apud

210 2380 300 2412 Caes.
313 2381 335 2412 l.
352 2390 392 2412 11.
411 2383 519 2412 18-28.

1005 1319 1040 1348 11
1081 1315 1158 1348 Τοὺς
1194 1314 1395 1357 ταξιάρχους]
1440 1316 1667 1349 Centuriones

959 1367 1111 1407 intellige
1127 1377 1202 1398 cum
1221 1367 1357 1398 Caesare
1375 1377 1406 1397 c.
1422 1369 1476 1398 25.

1003 1421 1043 1448 12
1075 1416 1232 1458 ιΑρπιίσιις
1260 1416 1315 1447 τὸν
1346 1416 1464 1457 θυρεὸν]
1499 1417 1607 1448 Scuto
1623 1415 1667 1448 ab

959 1469 1147 1499 novissimis
1175 1468 1231 1499 uui
1254 1468 1354 1499 militi
1380 1468 1550 1507 detracto,
1577 1468 1667 1509 quod

959 1517 1033 1559 ipse
1046 1527 1086 1549 eo
1100 1518 1170 1549 sine
1188 1523 1284 1549 scuto
1300 1523 1454 1549 venerat.
1481 1519 1599 1549 Coesar.

1005 1571 1044 1599 13
1069 1567 1304 1598 Κινδυνεύυντος
1331 1568 1439 1609 αὐτοῦ]
1465 1568 1552 1599 Sunt
1580 1569 1672 1609 geni·

962 1619 1022 1650 tivi
1052 1619 1211 1659 absoluti,
1236 1629 1300 1650 nec
1327 1620 1424 1650 deest
1452 1625 1512 1650 aut
1535 1618 1596 1650 δέει
1613 1625 1672 1651 aut

961 1668 1196 1709 προνοούμενον,
1214 1674 1249 1701 ut
1266 1670 1395 1701 Reiske
1411 1671 1583 1711 opinatur.
1609 1672 1672 1702 Fa-

963 1721 1060 1751 cilius
1085 1720 1321 1760 concederem,
1339 1727 1415 1761 post
1429 1720 1532 1762 τόλμῃ
1553 1721 1672 1753 deesse

963 1770 1208 1810 ἐπιῤῥωσθέντες.
1256 1771 1323 1801 Sed
1346 1781 1408 1801 nec
1433 1772 1495 1802 hoc
1513 1780 1671 1802 necessa-

966 1821 1049 1851 rium
1067 1826 1132 1861 est,
1150 1821 1228 1861 quia
1245 1821 1359 1851 dativo
1374 1821 1498 1852 Graeco
1512 1821 1562 1852 vis
1579 1821 1672 1852 inest

964 1871 1116 1902 ablativi.
1172 1871 1211 1900 ‘H
1244 1869 1400 1910 λεγομένη
1432 1871 1506 1911 ὑπὲρ
1544 1869 1673 1910 δύναμιν

963 1919 1052 1960 μάχη
1066 1927 1115 1952 est
1133 1922 1299 1962 praelium,
1311 1922 1345 1952 in
1360 1932 1426 1962 quo
1441 1923 1566 1953 milites
1583 1930 1672 1953 snm-

965 1983 1018 2003 ma
1035 1973 1255 2004 contentione
1281 1978 1316 2003 et
1340 1974 1436 2014 quasi
1462 1983 1565 2014 supra
1583 1973 1670 2004 vires

964 2023 1126 2054 humanas
1144 2034 1312 2065 pugnasse
1325 2024 1498 2055 dicuutur.

1011 2077 1049 2105 14
1075 2074 1145 2104 Οὐδ’
1162 2074 1216 2113 ὣς]
1243 2075 1290 2104 Ne
1305 2075 1350 2104 sic
1365 2074 1498 2114 quidem.

1010 2127 1049 2155 15
1075 2123 1291 2164 Πεντακόσιοι]
1313 2124 1367 2155 Sc.
1389 2125 1443 2164 qni
1469 2134 1562 2154 arma
1581 2123 1674 2156 ferre

967 2180 1116 2215 possent.
1164 2177 1247 2206 Rern
1281 2176 1448 2215 comperit
1478 2176 1594 2207 Caesar
1632 2187 1674 2207 ex

966 2227 1207 2267 superstitibus
1223 2237 1295 2257 sese
1316 2226 1529 2257 dedentibus.

1011 2280 1051 2308 16
1066 2275 1292 2319 Τετρακοσίων]
1318 2276 1462 2307 Caesaris
1478 2275 1586 2306 Codd.
1603 2276 1675 2306 alii-

968 2339 1033 2370 que
1050 2333 1229 2360 sexcentos
1256 2327 1394 2360 Nerviis
1421 2331 1596 2358 senatores
1615 2327 1675 2359 tri-

969 2379 1090 2412 bunut.
