1872 3104
618 192 679 221 DE
712 192 752 220 c.
776 189 920 219 sumo
954 190 1172 219 cAESARss.
1477 183 1592 224 2043

134 287 453 337 superstitionem.
514 285 630 321 Nulla
661 284 695 320 in
719 284 781 319 illo
805 283 1045 331 antiquitatis·
1068 290 1151 319 sunt
1177 282 1347 323 vestigia.
1406 286 1508 326 Quin
1532 288 1591 324 vix

136 351 511 401 quadfingi-ntorum,
544 360 732 382 summum
768 347 1062 396 ‹ptinfflwunruun
1104 360 1286 383 asinorum
1322 355 1472 383 atatem
1507 349 1591 386 sert.

139 416 235 451 Num
260 420 297 450 ut
330 412 502 447 omittam
534 411 617 454 alia,
663 411 832 447 Morinos
853 411 945 447 (licit
977 425 1044 445 sua·
1066 418 1238 460 tempore
1263 412 1311 446 ΓΙ.
1331 411 1445 446 ndros
1465 412 1595 460 appel-

134 478 214 520 lari,
233 484 270 513 et
294 478 414 515 Reges
436 475 653 511 (im-:nanim
675 477 872 512 Caesares:
905 474 992 511 (ilis
1016 474 1236 511 Doclwellus·
1262 474 1453 521 adjungit,
1487 475 1591 524 quod

134 540 235 590 apud
276 540 376 574 hunc
410 538 631 587 scriptorem
666 545 923 574 mv1n‹›r·.uitur
962 538 1107 574 Basilea
1141 545 1177 574 et
1211 539 1434 575 Constantia
1468 538 1594 582 urbes,

138 604 226 641 urbs
247 602 388 639 famosa
428 601 600 645 Parmae,
638 602 812 638 flandria
846 610 880 639 et
921 603 1153 645 llannonia.)
1193 608 1202 622 ‘
1223 603 1357 652 Neque
1385 610 1509 639 tamen
1541 603 1597 639 in-

133 666 271 715 dignus
293 673 347 702 cst
383 658 605 716 Anonynius
636 666 696 703 hic
730 666 907 710 lectione,
941 680 1029 703 cum
1061 666 1197 703 multas
1227 679 1360 715 graves
1392 667 1596 704 sententias

133 737 325 779 aspergat,
343 743 429 778 qua·
454 730 632 767 lectorem
657 738 814 780 possunt
834 731 999 775 erudire,
1022 738 1059 767 nt
1085 744 1157 767 non
1180 738 1234 767 est
1259 732 1293 767 in
1316 730 1595 772 cognoscendis

135 793 258 830 causis
281 806 346 829 cur
367 807 531 842 qumque
553 802 660 838 gesta
698 794 773 831 sint
804 795 980 838 obtusus,
1010 808 1078 830 nec
1109 795 1249 831 inutilis
1279 801 1344 830 aut
1381 794 1595 843 legentibus

134 863 200 894 aut
220 857 420 894 edentibus
442 860 646 894 Caesarem.
711 858 797 894 Non
821 858 892 894 fuit
913 859 1010 894 cuim
1042 859 1238 906 imperitus
1267 870 1390 894 rerum
1415 858 1596 894 humana-

136 934 232 965 rum,
274 934 343 958 nec
376 934 445 970 pro
467 928 581 970 captu
618 921 715 957 illius
756 922 878 957 aetatis
907 921 1096 964 indoctus,
1119 922 1261 970 quippe
1283 921 1346 970 qui
1378 921 1413 957 in
1448 922 1596 971 scriptis

135 984 324 1021 'l'nllianis
346 985 540 1033 praecipue
562 985 597 1020 in
624 984 800 1033 Epistolis
835 983 881 1019 ad
906 984 1075 1021 Atticum
1112 985 1265 1021 minime
1295 984 1408 1021 fuerit
1445 985 1597 1034 hospes,

134 1062 178 1085 ex
201 1048 341 1097 quibus
363 1061 437 1084 non
460 1061 583 1097 pauca
603 1048 800 1097 excerpsit,
819 1061 905 1097 qum
927 1047 1075 1084 faciunt
1090 1048 1135 1084 ad
1158 1048 1303 1086 Julium
1326 1049 1515 1085 Cve-,arem
1532 1049 1599 1086 ‹le-

135 1111 384 1157 sendcndum,
396 1125 509 1162 quem
526 1112 874 1155 admiraturunice,
887 1119 924 1149 et
937 1112 983 1149 ad
998 1112 1202 1149 refellenda
1217 1126 1474 1162 quaecumque.
1490 1113 1523 1149 in
1535 1113 1597 1150 illo

134 1176 461 1222 criminabantur)
512 1177 607 1214 Haec
638 1176 710 1213 ille.
743 1177 828 1214 Jac.
863 1176 1087 1213 Sirmondus
1117 1177 1152 1212 in
1183 1176 1280 1213 notis
1302 1176 1350 1213 ad
1382 1177 1597 1213 Ennodium

138 1252 176 1289 p.
199 1246 263 1283 78.
287 1247 461 1285 testatur,
474 1241 522 1278 ad
545 1241 691 1277 calcem
714 1239 856 1277 codicis
868 1239 1041 1276 Vaticani
1060 1253 1215 1289 quoque
1232 1240 1391 1277 Caesaris
1413 1240 1598 1277 librorum

137 1304 370 1353 ascriptum:
416 1311 424 1324 ‘
446 1304 572 1341 Julius
612 1303 745 1340 Celsus
783 1303 1054 1341 Constantinus
1095 1305 1141 1340 V.
1173 1305 1219 1341 C.
1261 1304 1362 1353 legi!
1412 1310 1420 1323 ‘
1445 1304 1599 1342 Flavius

138 1367 309 1405 Licerius
344 1369 531 1406 Firminus
554 1368 765 1418 Lupicinus
795 1368 896 1418 legi!
943 1368 1214 1417 Observatque
1237 1368 1465 1417 Lupicinum
1495 1367 1599 1406 hunc

139 1430 254 1468 fuisse
274 1432 480 1481 Euprepiae
500 1432 637 1468 sororis
660 1431 824 1468 Ennodii
848 1431 1031 1481 Episcopi
1052 1431 1272 1468 Ticinensis
1297 1431 1430 1476 tilium,
1453 1431 1599 1469 clarum

140 1494 209 1532 sub
228 1494 334 1531 initia
353 1494 453 1531 sexti
478 1507 498 1530 a
519 1494 593 1532 Ch.
616 1502 707 1531 nato
729 1495 859 1531 seculi.
918 1495 1002 1531 Nec
1023 1495 1190 1531 Joannes
1213 1494 1492 1539 Sariberiensis,
1516 1495 1601 1533 ¹nec

139 1558 354 1610 Polydorus
374 1558 567 1609 Virgilius,
585 1571 656 1596 nec
678 1558 844 1607 Lipsius,
866 1558 1027 1595 Caesaris
1049 1558 1346 1594 commentarios
1363 1558 1466 1595 Julio
1488 1559 1601 1596 Celso

140 1622 397 1660 attribuerunt
412 1629 594 1672 tanquam
615 1622 778 1665 auctori,
793 1627 833 1659 ut
849 1621 1015 1658 traditur
1034 1621 1068 1658 in
1086 1621 1386 1671 Meuagianist.
1407 1632 1456 1658 11.
1479 1635 1519 1672 p.
1532 1628 1599 1667 99.

143 1686 291 1723 Priores
306 1686 384 1723 duo
405 1699 451 1723 ne
472 1686 571 1723 Celsi
587 1686 739 1734 quidem
762 1685 994 1722 mentionem
1017 1683 1200 1731 fecerunt,
1225 1684 1373 1733 Lipsius
1395 1685 1527 1722 saltem
1549 1696 1600 1722 11.

143 1756 180 1793 7.
211 1750 380 1787 Elector.
404 1756 563 1788 testatus
583 1756 652 1795 est,
678 1763 716 1786 se
737 1750 772 1785 in
796 1749 1088 1786 Commentariis
1118 1749 1280 1786 Caesaris
1301 1761 1403 1797 saepe
1431 1761 1602 1797 quaerere

140 1814 343 1859 Caesarem,
365 1821 402 1851 et
422 1815 560 1851 multos
577 1814 614 1851 in
631 1814 730 1851 illam
748 1826 953 1863 purpuram
976 1825 1124 1862 pannos
1147 1812 1295 1848 insutos
1314 1825 1352 1848 se
1370 1812 1507 1857 videre,
1531 1826 1601 1850 nec

139 1878 175 1915 in
196 1877 364 1915 dictione
391 1878 475 1928 ipsa
496 1879 638 1928 spirare
661 1878 806 1928 ubique
827 1877 982 1914 naribus
1004 1877 1079 1914 suis
1101 1888 1232 1913 auram
1253 1875 1369 1919 illam,
1391 1882 1442 1919 et,
1473 1882 1514 1912 ut
1544 1876 1600 1914 sic

139 1941 280 1988 dicam,
310 1948 470 1980 stactam
502 1955 608 1992 purae
643 1941 898 1991 antiquitatis.
947 1945 956 1960 ‘
985 1940 1100 1989 Lege,
1140 1938 1279 1988 relege,
1322 1938 1439 1975 multa
1478 1939 1603 1977 otiosa

143 2006 318 2056 reperies,
347 2006 556 2055 disjuncta,
588 2005 779 2050 intricata,
802 2004 1046 2054 interpolata,
1069 2003 1251 2053 repetita:
1288 2009 1328 2039 nt
1349 2002 1504 2039 omnino
1524 2016 1601 2041 non

143 2069 255 2114 absit,
275 2070 366 2119 quin
388 2069 437 2106 ad
452 2069 549 2106 hanc
571 2069 682 2119 prisci
703 2069 826 2119 operis
847 2073 1010 2105 statuam
1032 2067 1183 2103 novella
1195 2066 1323 2115 aliqua
1339 2067 1545 2104 accesserit
1565 2075 1604 2106 et

143 2132 319 2182 imperita
353 2134 515 2169 manus!
553 2133 726 2169 Tantum
758 2138 883 2169 autem
913 2132 1033 2177 abest,
1060 2138 1101 2168 ut
1131 2131 1231 2168 idem
1264 2131 1418 2180 Lipsius
1450 2131 1603 2170 Celsum

145 2195 323 2234 habuerit
343 2209 409 2245 pro
429 2202 586 2233 auctore
608 2196 769 2233 Caesaris
798 2196 1179 2240 commentariorum,
1203 2195 1308 2245 quod
1331 2195 1381 2232 illi
1401 2195 1515 2232 etiam
1538 2196 1604 2233 tri-

144 2258 274 2296 buitur
303 2259 340 2296 in
368 2259 626 2309 Scaligerianis
660 2272 727 2308 per
767 2260 955 2296 Vassanos
986 2259 1175 2303 collectis,
1213 2264 1254 2295 ut
1293 2258 1423 2308 potius
1454 2258 1521 2295 lib.
1549 2270 1602 2297 11.

147 2321 388 2372 Epistolicar.
424 2323 680 2372 quaestionum
713 2335 800 2373 cap.
824 2329 861 2362 2.
896 2323 1039 2360 refutet
1059 2323 1159 2360 Lud.
1187 2323 1409 2360 Carrionem
1439 2323 1489 2360 ita
1520 2335 1604 2360 sen-

145 2385 328 2424 tientem:
369 2385 459 2422 licet
487 2392 634 2422 constet
662 2399 683 2422 a
717 2386 919 2423 Vincentio
956 2386 1099 2424 Bellov.
1131 2387 1169 2423 in
1201 2387 1365 2435 Speculo
1393 2387 1493 2423 Hist.
1532 2398 1603 2423 nec

146 2461 223 2486 non
253 2461 275 2485 a
295 2448 482 2486 Gualtero
508 2449 659 2486 Burlaeo
679 2451 715 2486 in
737 2450 821 2487 xitis
847 2451 1174 2500 philosophorum,
1195 2449 1345 2487 Jacobo
1367 2450 1537 2498 Mangno
1565 2448 1604 2485 in

145 2512 400 2563 Sopliologio,
423 2519 460 2548 et
482 2511 642 2549 Alberto
663 2513 787 2563 Eybio
812 2514 1025 2563 margaritae
1055 2513 1218 2563 poetic-'ee
1248 2520 1419 2556 auctore,
1441 2511 1603 2550 Caesaris

146 2575 311 2614 subinde
345 2576 461 2612 verba
492 2575 596 2613 Celsi
633 2576 788 2613 nomine
814 2576 935 2613 citari.
982 2582 991 2596 ‘
1013 2576 1118 2620 Quin
1152 2576 1275 2613 Julius
1307 2576 1442 2625 aliquis
1468 2576 1603 2613 Celsus

147 2651 282 2679 manus
300 2640 468 2678 attulerit
486 2638 642 2684 Caesari,
664 2638 846 2689 quaedam
866 2638 1056 2686 reciderit,
1076 2638 1282 2684 addiderit,
1297 2638 1476 2688 quaedam
1491 2639 1604 2677 inter·

362 2727 379 2756 l
396 2723 591 2756 Bernardus
609 2723 754 2757 Moneta
768 2724 857 2757 notis
872 2724 916 2757 ad
932 2724 1136 2766 Menagiana
1150 2724 1188 2756 T.
1206 2733 1256 2758 xv.
1272 2734 1306 2767 p.
1322 2726 1375 2757 60.
