1872 3104
261 169 374 211 1994
720 183 759 214 c.
792 183 829 214 J.
862 183 1082 216 CAEsAms
1116 186 1251 218 v1TA.

259 277 318 312 καὶ
351 276 437 324 πρὸς
465 276 486 310 ὅ
514 293 546 314 τι
574 277 721 325 τρέψειε
753 281 819 323 τὴν
850 279 951 324 ὄφιν,
980 282 1140 327 πληγαῖς
1168 283 1357 325 ἀπαντῶν,
1379 283 1437 318 καὶ
1461 279 1593 334 σιδήρῳ
1612 291 1718 334 φερο-

375 340 391 361 ⁹
425 344 482 377 καὶ
514 344 604 378 κατὰ
626 344 820 390 προσώπου
849 345 907 378 καὶ
941 346 1016 379 κατ’
1044 345 1244 393 ὀφθαλμῶν
1276 344 1572 395 διελαυνόμενος,
1600 349 1719 397 ὥσπερ

259 344 360 392 μένῳ

256 407 380 452 θηρίον
399 407 579 442 ἐνειλεῖτο
598 412 675 443 ταῖς
696 407 844 443 πάντων
865 411 1008 458 χερσίν.
1057 407 1258 445 '‘An-arras
1279 411 1349 455 γὰρ
1373 409 1445 446 ἔδει
1467 411 1714 457 κατάρξασθαι

258 471 317 505 καὶ
334 469 540 515 γεύσασθαι
561 477 621 505 τοῦ
637 472 761 519 φόνου.
819 472 884 508 Διὸ
900 473 957 508 καὶ
978 471 1133 520 Βροῦτος
1154 474 1249 522 αὐτῷ
1277 476 1428 519 πλη-γὴν
1447 473 1611 520 ἐνέβαλε
1625 480 1719 523 μίαν

258 534 309 568 εἰς
328 533 391 569 τὸν
411 531 642 577 βουβῶνα.Ὀ
699 533 869 580 Λέγεται
891 534 918 571 δ’
948 537 1017 572 ὑπό
1042 551 1162 579 τινων,
1197 539 1242 573 ὡς
1263 538 1333 584 ἄρα
1360 538 1444 586 πρὸς
1475 537 1554 574 τους
1583 541 1719 577 ἄλλους

258 597 556 644 ἀπομαχόμενος,
579 598 638 632 καὶ
657 595 836 647 διαφέρων
859 598 964 647 δεῦρο
990 602 1091 636 κάκεῖ
1120 600 1159 636 τὸ
1190 607 1306 649 σῶμα,
1343 602 1400 637 καὶ
1432 604 1623 648 κεκραγὼς,
1657 604 1718 640 ὅτε

255 657 415 706 Βροῦτον
436 656 537 694 εἶδεν
557 660 797 708 ἐσπασμένον
811 663 838 678 ¹¹
861 662 900 698 τὸ
921 666 1028 711 ξίφος,
1051 663 1292 712 ἐφειλκύσατο
1313 666 1403 700 κατὰ
1425 671 1482 707 τῆς
1510 669 1667 715 κεφαλῆς
1684 666 1716 685 '²

257 721 297 758 τὸ
319 721 476 770 ἱμάτιον,
491 724 547 757 καὶ
568 732 730 770 παρῆκεν
750 724 893 767 ἑαυτὸν,
916 725 980 760 εἶτ’
995 725 1067 761 ἀπὸ
1088 730 1210 775 τύχης,
1227 728 1301 763 ε’ίτε
1317 728 1385 764 ὑπὸ
1406 735 1477 764 τῶν
1497 733 1717 766 κτεινάντων

257 786 452 829 ἀπωσθεὶς,
485 786 570 829 πρὸς
599 788 664 829 τὴν
693 785 811 832 βιίσιν
843 787 894 835 ἐφ’
923 785 961 830 ἧς
992 788 1010 821 ὸ
1039 787 1237 835 Πομπηίου
1264 788 1430 834 βέβηκεν
1449 790 1610 838 ἀνδριάς·
1655 795 1714 830 καὶ

255 849 351 884 πολι)
380 851 587 898 καθῄμαξεν
617 851 725 893 αὐτῆς
745 850 764 884 ι’)
784 851 903 899 φόνος,
925 852 969 885 ὡς
988 848 1107 886 δοκεῖν
1136 851 1248 887 αὑτὸν
1279 853 1478 901 ἐφεστάναι
1499 858 1541 906 τῇ
1562 860 1716 904 τιμωρίᾳ

256 915 320 949 τοῦ
339 915 518 961 πολεμίου
539 910 740 963 Πομπήϊον
760 914 826 949 ὑπὸ
848 911 959 950 πόδας
979 916 1206 963 κεκλιμένου,
1230 917 1287 951 καὶ
1318 921 1620 967 περισπαίροντος
1648 919 1717 957 ὑπὸ

256 976 415 1019 πλήθους
441 977 670 1025 τραυμάτων.
727 976 855 1013 Εἴκοσι
875 979 947 1023 γὰρ
965 979 1021 1013 καὶ
1043 981 1125 1024 τρία
1145 977 1283 1024 λαβεῖν
1303 981 1470 1027 λέγεται·
1500 983 1559 1018 καὶ
1583 985 1717 1020 πολλοὶ

255 1040 534 1085 κατετρώθησαν
569 1039 625 1074 ὑπ’
664 1039 856 1083 ἀλλήλων,
898 1042 948 1077 εἰς
981 1042 1022 1076 ἓν
1058 1040 1337 1092 ἀπερειδόμενοι
1354 1044 1384 1065 ¹³
1428 1051 1533 1094 σῶμα
1571 1048 1717 1094 πληγὰς

255 1104 447 1138 τοσαύτας.

783 1310 817 1352 C
833 1311 874 1351 Α
891 1311 941 1352 P.
992 1310 1199 1353 LXVII.

252 1421 384 1451 caesare
402 1421 516 1452 occiso
533 1424 668 1452 senatus
697 1420 845 1462 diffugit,
870 1422 1015 1462 populus
1041 1426 1209 1459 terretur3
1234 1421 1401 1454 Antonius
1418 1427 1452 1454 et
1468 1424 1617 1465 Lepidus
1636 1434 1711 1457 sese

294 1474 492 1511 occultant;
518 1474 687 1515 conjurati
714 1474 909 1506 libertatem
928 1477 1178 1516 proclamantes
1195 1476 1228 1506 in
1247 1476 1452 1516 Capitolium
1478 1477 1614 1518 abeunt,
1641 1479 1713 1519 qui-

294 1526 357 1557 bus
375 1536 552 1567 procerum
570 1527 701 1567 qnidam
718 1537 791 1558 sese
804 1528 1006 1568 adJungunt,
1022 1533 1143 1568 postea
1160 1528 1201 1559 ab
1220 1528 1368 1560 Antonio
1386 1536 1419 1561 ct
1437 1530 1629 1562 Octaviano
1654 1541 1714 1572 pu-

293 1579 366 1610 niti.
397 1581 541 1610 Postero
554 1580 608 1611 die
626 1581 732 1612 oratio
749 1581 846 1612 Bruti
864 1581 904 1611 ad
921 1582 1081 1622 populum
1099 1582 1234 1613 silentio
1249 1583 1430 1623 excipitur,
1449 1588 1585 1614 senatus
1600 1588 1712 1615 autem

293 1634 470 1673 pra‘terita
493 1634 741 1674 obliviscenda,
770 1635 938 1666 Caesarem
956 1645 1016 1675 pro
1032 1636 1107 1667 Deo
1127 1636 1305 1667 colendum
1320 1636 1483 1676 decernit,
1499 1637 1711 1678 Brutumque

291 1686 325 1716 in
344 1686 551 1726 provinciam
568 1687 685 1718 mittit.

302 1783 640 1834 Κατειργασμένου
671 1783 712 1820 δὲ
740 1788 801 1821 τοῦ
829 1782 975 1833 ἀνδρὸς,
1006 1786 1026 1829 ἡ
1059 1785 1130 1834 μὲν
1159 1788 1348 1832 γερουσιά,
1371 1788 1501 1832 καίπερ
1522 1788 1572 1822 εἰς
1591 1790 1710 1835 μέσον

249 1847 408 1895 Βρούτου
429 1849 611 1892 ἐλθόντος,
634 1851 678 1885 ὥς
697 1865 731 1885 τι
751 1851 832 1897 περὶ
860 1856 932 1886 τῶν
960 1853 1235 1898 πεπραγμένων
1265 1849 1440 1897 ἐροῦντος,
1463 1850 1525 1884 οὐκ
1543 1850 1711 1900 ἀνασχο-

247 1914 342 1960 μένη
361 1910 420 1947 διὰ
449 1919 520 1948 τῶν
549 1914 666 1959 θυρῶν
695 1912 875 1956 ἐξέπιπτε,
904 1913 962 1948 καὶ
995 1915 1187 1961 φεύγουσα
1217 1914 1426 1956 κατέπλησε
1457 1921 1618 1963 ταραχῆς
1650 1915 1710 1950 καὶ

247 1972 349 2011 δέους
366 1976 504 2022 ἀπόρου
524 1975 588 2011 τὸν
609 1973 737 2023 δῆμον,
761 1978 855 2011 ὥστε
875 1974 953 2011 τούς
981 1977 1051 2024 μὲν
1079 1977 1140 2011 τὰς
1169 1976 1282 2011 οἰκίας
1303 1978 1451 2018 κλείειν,
1474 1973 1552 2012 τους
1572 1974 1602 2011 δ’
1619 1978 1710 2013 ἀπο-

249 2041 395 2075 λείπειν
415 2039 613 2087 τραπέὲας,
636 2039 693 2074 καὶ
708 2039 1017 2088 χρηματιστήρια·
1048 2036 1164 2088 δρόμῳ
1194 2036 1233 2074 δὲ
1261 2043 1409 2088 χωρεῖν,
1441 2036 1519 2075 τοὺς
1547 2040 1618 2089 μὲν
1649 2041 1709 2076 ἐπὶ

908 2145 939 2176 Ν
945 2145 1047 2176 OTAE

288 2221 308 2249 9
330 2216 500 2259 Φερομένῳ]
519 2219 558 2249 R.
577 2219 706 2250 mavult
720 2217 935 2259 ἐπιφερομένῳ.

290 2271 329 2298 10
353 2267 403 2299 Εἷς
429 2268 484 2298 τὸν
507 2267 557 2309 fin]
587 2270 636 2301 ’Es
659 2269 715 2300 τὸν
745 2269 853 2311 μηρὸν,
882 2269 952 2310 Ap—

246 2318 338 2359 pian.

289 2371 327 2399 ll
365 2367 576 2407 Ἐσπασμένον
606 2375 720 2410 potest
749 2371 858 2411 accipi
886 2381 948 2411 pro

244 2418 453 2459 σπασάμενον,
466 2425 501 2451 et
518 2420 706 2460 saepissimc
720 2421 855 2462 quidem
874 2431 950 2461 par-

244 2469 363 2510 ticipia
393 2469 539 2510 perfecti
565 2471 689 2511 passivi
711 2477 812 2512 atque
831 2472 948 2503 aoristi

245 2522 274 2550 l.
302 2519 334 2548 in
364 2519 476 2550 medio
507 2520 597 2552 inter
614 2531 649 2552 se
674 2522 857 2552 alternant.
906 2522 945 2552 ln

243 2570 305 2600 hoc
322 2574 434 2601 autem
453 2571 554 2601 verbo
571 2581 649 2602 usus
673 2571 706 2602 id
732 2573 866 2603 minime
891 2582 947 2612 pa-

245 2619 348 2659 titur3
366 2631 470 2661 quare
484 2622 648 2661 suspicor,
664 2627 738 2662 post
753 2621 947 2661 ἐσπασμένον

243 2669 434 2700 addendum
459 2680 531 2701 esse
559 2678 618 2703 aut
642 2671 770 2712 ἔχοντα,
798 2678 856 2704 aut
883 2674 946 2704 ἐπι-

244 2717 379 2758 aeroma,
403 2724 462 2750 aut
489 2720 776 2759 ἐπανατεινόμενον.
816 2723 943 2754 Reiske.

1005 2219 1128 2249 Potest
1147 2218 1251 2249 etiam
1269 2216 1392 2256 conjici
1409 2216 1461 2247 ὅτε
1476 2216 1609 2257 Βρούτου
1631 2215 1710 2248 εἶδεν

1004 2268 1200 2306 ἐσπασμένον
1222 2267 1259 2297 τὸ
1283 2266 1380 2307 ξίφος.
1427 2268 1466 2298 In
1484 2268 1590 2298 Bruto
1606 2278 1636 2299 c.
1654 2271 1706 2299 17.

1004 2323 1054 2349 cst
1071 2329 1078 2348 :
1114 2319 1152 2349 ὡς
1181 2317 1241 2348 εἶδε
1271 2319 1404 2357 Βροῦτον
1436 2317 1603 2356 ἑλκόμενον
1624 2317 1709 2358 ξίφος

1004 2369 1049 2398 ἐπ’
1063 2368 1166 2399 αὐτόν.
1204 2370 1288 2399 'l'um
1304 2370 1421 2400 Caesar
1436 2368 1561 2400 dixisse
1576 2368 1705 2400 fertur:

1004 2420 1063 2450 Καὶ
1077 2419 1127 2459 σὺ,
1145 2418 1274 2457 τέκνον;

1046 2474 1085 2501 12
1110 2471 1198 2501 Κατὰ
1213 2472 1269 2507 τῆς
1284 2470 1438 2510 κεφαλῆς]
1463 2469 1532 2501 Alii
1547 2473 1703 2500 auctores

1002 2526 1093 2561 sunt,
1106 2532 1181 2552 eum
1200 2527 1345 2562 utraque
1361 2526 1475 2561 togam
1493 2529 1588 2551 manu
1601 2519 1705 2550 demi-

1002 2573 1094 2611 sisse,
1110 2577 1160 2611 nt,
1178 2571 1331 2603 inferiori
1351 2576 1449 2612 parte
1464 2570 1616 2610 corporis
1634 2575 1704 2601 tec-

1002 2627 1048 2662 ta,
1063 2622 1296 2653 collaberetur.

1044 2678 1082 2705 13
1121 2672 1374 2714 Ἀπερειδόμενοι]
1412 2670 1539 2702 Reiske
1571 2671 1701 2703 mavult

999 2723 1220 2765 ἀπερείδοντες,
1237 2723 1270 2754 in
1289 2722 1411 2754 activo.
