1872 3104
625 165 830 199 Νοτιτιᾼ
862 166 1074 198 GALmAE.
1456 159 1570 207 201⁷

110 272 175 309 ost
195 267 235 309 in
277 267 362 309 duo
397 263 576 318 oppida,
603 267 726 303 vetus
761 267 805 304 et
841 275 1019 305 novum.
1068 261 1210 306 Vetus
1239 263 1380 306 adhue
1403 267 1564 312 dicitur

111 334 288 376 Vesana
318 332 448 375 veteri
481 331 788 384 appellatione.
848 329 963 370 Vide
994 334 1167 372 sextum
1194 330 1291 372 libr.
1314 331 1367 371 de
1395 335 1559 377 emend.

110 402 264 454 Tcmp.

168 467 376 508 Pictones.
431 465 490 507 Le
516 481 618 521 pays
652 466 700 507 cle
730 464 900 507 Poiton.
961 466 1072 507 Sunt
1111 465 1240 507 hodie
1268 468 1312 508 in
1343 471 1428 509 tres
1459 468 1567 524 Epi-

108 539 314 589 scopatus
325 535 486 584 tributi,
501 534 836 583 Pictaviensem‚
848 533 897 573 M
900 534 1160 574 aliacensem
1169 538 1213 574 et
1224 533 1565 580 Luxoviensem.

109 605 401 645 Pictaviorum
424 605 581 645 civitas
604 604 708 644 olim
730 601 1063 655 Augustoritum
1084 602 1214 644 dicta.

168 669 364 713 Redones.
414 669 648 712 L’Evesclze
672 670 719 711 cle
745 669 875 710 Renes
896 685 941 710 en
965 669 1187 725 Bretagne.

167 737 379 781 Rodanus.
425 740 474 780 In
505 741 754 781 universum
783 739 924 780 Gallis
957 738 1116 780 dicitur
1149 738 1186 779 Ie
1210 737 1370 779 Rosne:
1400 742 1477 782 sed
1504 742 1568 783 in·

107 807 274 859 digenis
315 806 353 846 lo
390 805 487 848 Ros.
536 807 717 859 Excipit
753 806 938 855 Isaram,
976 806 1246 856 Druentiam,
1280 806 1491 859 Drunam,
1525 813 1569 851 et

107 876 279 916 Ararim
294 889 378 916 non
399 876 607 915 minorem
628 888 695 923 eo,
718 878 949 926 antequam
968 875 1011 913 in
1031 873 1152 914 illum
1172 880 1438 918 exoneretur.

167 940 335 983 Ruteni.
374 941 435 982 Le
449 956 552 997 pays
574 948 612 980 et
637 938 925 980 Senesclzaucee
955 938 1002 979 cle
1025 937 1199 982 Rodaz‘s.
1272 941 1435 984 Eorum
1461 945 1566 986 urbs

106 1010 327 1050 Sedunum
348 1009 636 1050 Rutenorum.

166 1075 301 1117 Sabis.
354 1074 420 1116 La
449 1075 617 1116 Sambre
637 1074 691 1116 clu
714 1074 936 1131 Pays-baS.

165 1141 474 1185 Samarobriva.
526 1144 643 1185 Urbs
664 1143 990 1185 Ambianorum.
1039 1141 1268 1185 L'Evesche
1285 1145 1509 1188 d’Amiens.

168 1210 342 1251 Scaldis.
394 1210 636 1252 L'Escaalt.

167 1278 398 1335 Segusiani.
447 1278 507 1319 Le
541 1295 642 1335 pays
681 1287 720 1321 et
762 1279 1052 1321 Seueschaucee
1088 1281 1136 1322 de
1175 1280 1385 1323 Lionnois.
1447 1283 1566 1325 Nam

108 1347 362 1400 Lugdunum
391 1352 456 1388 est
484 1349 528 1388 in
548 1348 818 1401 Segusiauis,
839 1352 888 1389 ut
918 1349 1026 1390 illud
1060 1350 1239 1391 alterum
1270 1351 1314 1391 in
1348 1350 1568 1394 Convenis

106 1415 159 1454 ad
183 1414 465 1456 Garumnam.
527 1415 611 1455 Sed
644 1420 686 1456 et
706 1419 825 1457 totus
856 1430 995 1470 pagus
1030 1417 1245 1468 Forensis,
1279 1421 1354 1472 qui
1386 1420 1511 1461 hodie
1534 1420 1569 1461 Ie

97 1494 204 1535 pays
225 1479 272 1520 de
293 1479 429 1521 Fores-t
451 1482 623 1532 dicitur,
647 1483 889 1523 continetur
907 1484 951 1523 in
970 1484 1240 1536 Segusimiis.
1287 1486 1345 1527 Et
1359 1492 1484 1528 vetus
1504 1489 1567 1528 in·

106 1548 289 1601 scriptio
340 1552 460 1590 extat
506 1549 551 1589 in
591 1549 758 1602 oppido
800 1547 918 1600 Fur-s,
958 1551 1001 1592 in
1039 1565 1125 1605 qua
1166 1554 1327 1594 mentio
1361 1560 1428 1596 est
1463 1555 1569 1597 Fori

107 1616 462 1667 Segusianorum.
513 1617 631 1658 Nam
663 1631 689 1658 a
712 1617 828 1659 Foro
856 1618 1071 1661 Forenses
1106 1620 1227 1671 dieti,
1249 1625 1292 1662 et
1319 1622 1465 1676 ipsum
1486 1639 1567 1679 op-

103 1682 254 1735 pidum
277 1681 394 1722 Fnrs.

163 1748 348 1790 Senones.
392 1751 553 1792 Eorum
573 1753 676 1793 urbs
697 1751 989 1806 Agendicum.
1029 1753 1357 1798 L’Archevesclze
1379 1757 1425 1798 de
1450 1757 1564 1802 Sens.

163 1815 368 1872 Sequana.
420 1817 553 1861 Seiae.

161 1884 354 1939 Sequani.
415 1884 476 1926 Le
503 1901 606 1942 pays
641 1887 688 1927 de
725 1888 938 1944 Besangon,
974 1896 1008 1930 el
1047 1888 1416 1934 Frauche-Comte.
1486 1894 1568 1936 Est

102 1953 344 2006 provincia,
367 1967 465 2008 quae
488 1954 607 1996 dicta
630 1955 834 1996 Maxima
853 1956 1165 2010 Sequanorum.

161 2017 399 2061 Suessones:
437 2021 535 2063 aliis
560 2021 801 2065 Suessiones.
837 2023 1031 2064 Soissons.

165 2085 362 2129 Tarbelli.
416 2087 477 2128 Le
494 2104 597 2145 pays
618 2088 665 2130 de
688 2088 872 2133 Labor-d.
919 2091 1035 2132 Urbs
1056 2092 1199 2147 Aquae
1221 2095 1500 2140 Tarbellicae.

163 2153 264 2210 Aqs.
278 2155 392 2196 Vide
409 2155 574 2198 Auson.
590 2158 784 2199 Lection.
802 2158 968 2200 Aturus
989 2160 1163 2212 fluvius,
1178 2164 1252 2216 qui
1267 2165 1401 2217 vulgo
1418 2163 1567 2206 l'Ador

103 2226 308 2264 vocatur:
327 2223 446 2263 alluit
467 2224 585 2264 illam
601 2226 765 2275 urbem,
786 2226 900 2267 unde
914 2226 1097 2269 Lucano
1115 2229 1273 2272 dicitur
1291 2231 1566 2274 Tarbellicus

104 2287 282 2330 Aturus.

166 2354 353 2399 Turones.
413 2357 574 2399 Eorum
610 2361 713 2401 urbs
737 2360 1092 2404 Caesarodunum.
1151 2361 1479 2407 L’Arcleevesche
1518 2365 1567 2406 de

107 2421 250 2464 Tours.

168 2488 208 2529 V
207 2490 357 2533 elamzi.
402 2490 461 2532 Le
479 2507 578 2549 pays
591 2492 639 2533 (Ie
667 2492 798 2536 Vela&
834 2496 984 2549 Pagus
997 2497 1239 2539 Velaunus.
1277 2499 1329 2539 In
1348 2500 1564 2541 veteribus

107 2557 432 2612 Martyrologiis
456 2560 747 2614 Episcopatus
778 2562 1041 2604 Aniciensis.
1096 2563 1154 2604 Le
1171 2566 1245 2617 pai
1269 2582 1313 2605 eu
1343 2565 1488 2606 Velae':
1520 2567 1567 2608 id

104 2629 186 2674 est,
210 2625 398 2666 Pedium
432 2628 475 2667 in
498 2628 714 2678 Velauno,
739 2631 845 2683 quia
873 2632 976 2671 urbs
1008 2637 1074 2673 est
1108 2634 1151 2673 in
1186 2635 1427 2676 editissimo
1447 2635 1563 2684 lOCO,

107 2692 181 2746 qui
200 2692 349 2744 lingua
368 2693 594 2736 Gallorum
616 2693 718 2747 Pus,
740 2697 783 2737 id
806 2702 885 2747 est,
908 2698 1098 2741 Podium
1119 2700 1289 2743 dicitur.

191 2775 307 2815 Delqth.
324 2780 354 2808 et
375 2778 448 2810 γαν.
467 2779 552 2810 ctus.
857 2782 937 2814 Coes.
1393 2789 1414 2817 6
1439 2787 1476 2817 M
