1872 3104
239 190 352 232 1950
722 200 762 227 ι’.
793 199 828 229 J.
862 198 1078 228 cAESAms
1111 198 1241 228 vrrA.

238 299 430 345 προοίμιον
448 295 623 331 ὑπειπών·
653 293 881 344 Ἀνερρίφθω
915 293 1032 340 κύβος·
1050 294 1082 312 ¹⁰
1113 296 1258 341 ὥρμησε
1283 292 1368 340 πρὸς
1397 294 1463 336 τὴν
1492 289 1684 337 διάβασιν·

240 361 298 397 καὶ
316 357 434 409 δρόμῳ
453 359 494 395 τὸ
514 358 646 395 λοιπὸν
674 356 739 402 ἤδη
773 359 972 407 χρώμενος,
995 359 1166 394 εἰσέπεσε
1187 357 1254 403 πρὸ
1274 358 1407 406 ἡμέρας
1439 358 1490 391 εἰς
1519 355 1558 391 τὸ
1584 355 1687 404 Ἀρί-

237 439 359 473 μινον,
381 424 439 458 καὶ
459 425 632 471 κατέσχε.
688 420 859 468 Λέγεται
879 420 918 456 δὲ
938 424 979 474 τῇ
1001 424 1155 468 προτέρᾳ
1178 421 1274 456 νυκτὶ
1293 427 1351 464 τῆς
1371 418 1578 466 διαβάσεως
1597 419 1687 467 ὄναρ

239 485 332 524 ι’ὃεῖν
352 487 544 532 ἔκθεσμον·
574 483 688 521 ἐδόκει
718 487 790 532 γὰρ
811 484 915 520 αὐτὸς
935 486 977 535 τῇ
999 485 1130 520 ἑαυτοῦ
1150 486 1255 532 μητρὶ
1275 484 1478 531 μίγνυσθαι
1497 483 1563 526 τὴν
1581 482 1688 532 ἄῤῥη·

240 565 305 586 τον
324 550 470 598 μίξιν.Ιι

730 745 765 787 C
782 745 822 786 A
837 747 890 786 Ρ.
942 746 1196 787 XXXIII.

239 844 391 876 Arimino
418 849 520 886 capto
547 844 665 885 ingens
691 848 802 874 terror
825 847 860 873 et
879 842 954 873 urbi
971 842 1119 883 injicitur
1136 848 1170 874 et
1196 843 1376 884 Pompeio,
1394 845 1448 885 qui
1466 845 1575 875 animo
1592 844 1688 875 nimis

776 897 913 928 turbato
931 897 1038 929 Roma
1054 896 1153 939 fugit.

291 974 394 1011 Ἐπεὶ
415 972 456 1010 δὲ
476 974 684 1023 κατελήφθη
704 973 744 1010 τὸ
762 972 971 1021 Ἀρίμινον,
1006 975 1127 1020 ὥσπερ
1161 975 1402 1023 ἀνεῳγμένου
1435 978 1496 1011 τοῦ
1528 976 1692 1022 πολέμου

237 1039 432 1074 πλατείαις
451 1037 584 1074 πύλαις
604 1038 664 1073 ἐπὶ
683 1042 811 1072 πᾶσαν
832 1037 921 1084 ὁμοῦ
949 1038 1015 1081 τὴν
1047 1042 1119 1083 γῆν
1146 1038 1204 1073 καὶ
1235 1037 1446 1081 θάλασσαν,
1478 1039 1535 1073 καὶ
1564 1052 1693 1084 συγκε-

238 1104 411 1151 χυμένων
432 1102 511 1149 ἅμα
531 1105 605 1136 τοῖς
623 1099 715 1147 ὅροις
745 1105 805 1142 τῆς
848 1101 1030 1150 ἐπαρχίας
1078 1106 1150 1136 τῶν
1184 1101 1304 1147 νόμων
1337 1108 1397 1144 τῆς
1430 1102 1600 1143 πόλεως,Ι
1630 1101 1693 1136 οὐκ

238 1162 372 1212 ἄνδρας
393 1165 439 1200 ἄν
471 1178 522 1199 τις
548 1164 646 1213 ῴίιθη
667 1164 723 1198 καὶ
744 1167 934 1209 γυναῖκας,
955 1164 1076 1209 ὥσπερ
1095 1163 1247 1206 ἄλλοτε,
1276 1163 1343 1198 σὺν
1363 1164 1529 1207 ἐκπλήξει
1551 1161 1692 1212 διαφοι-

237 1229 306 1275 τᾷν
325 1233 386 1270 τῆς
403 1226 577 1270 Ἰταλίας,
596 1228 698 1263 ἀλλὰ
718 1229 779 1263 τὰς
800 1228 924 1264 πόλεις
955 1228 1066 1263 αὐτὰς
1095 1227 1360 1275 ἀνισταμένας,
1382 1229 1479 1279 φυγῇ
1500 1224 1692 1276 διαφέρεσ-

237 1291 299 1325 θαι
314 1288 357 1326 δι’
377 1291 566 1334 ἀλλήλων·
597 1292 663 1334 τὴν
685 1288 725 1325 δὲ
751 1290 909 1337 Ῥώμην,
941 1291 1062 1336 ὥσπερ
1093 1288 1162 1324 ὑπὸ
1190 1289 1394 1337 ῥευμάτων,
1424 1292 1692 1338 πιμπλαμένην

238 1357 373 1402 φυγαῖς
391 1359 462 1388 τῶν
482 1355 586 1400 πέριξ
603 1350 728 1399 δήμων
746 1354 803 1387 καὶ
823 1355 1112 1401 μεταστάσεσιν,
1142 1352 1214 1388 οὔτ’
1234 1352 1386 1401 ἄρχοντι
1411 1357 1538 1389 πεῖσαι
1555 1351 1692 1402 ῥᾳδίαν

236 1412 368 1460 οὖσαν,
391 1413 473 1452 οὔτε
488 1416 590 1465 λόγῳ
611 1416 799 1459 καθεκτὴν,
831 1416 872 1451 έν
891 1417 1018 1465 πολλῷ
1041 1414 1196 1451 κλύδωνι
1225 1416 1282 1450 καὶ
1305 1415 1419 1465 σάλῳ,
1449 1415 1577 1464 μικρὸν
1603 1417 1694 1452 ἀπο·

237 1480 390 1514 λιπεῖνῖ·
407 1480 521 1524 αὐτὴν
541 1480 595 1529 ὑφ’
615 1479 723 1522 αὑτῆς
742 1479 1029 1529 ἀνατετράφθαι.
1058 1477 1168 1522 Πάθη
1187 1479 1258 1525 γὰρ
1277 1479 1480 1522 ἀντίπαλα,
1503 1480 1560 1515 καὶ
1578 1477 1691 1525 βίαια

237 1546 390 1591 κατεῖχε
410 1543 592 1591 κινήματα
620 1542 741 1579 πάντα
762 1544 887 1578 τόπον.
943 1539 1042 1578 Οὔτε
1073 1543 1144 1588 γὰρ
1170 1541 1209 1578 τι)
1240 1547 1373 1592 χαῖρον
1402 1543 1565 1592 ἡσυχίαν
1586 1540 1690 1589 ἦγεν,

242 1605 344 1641 ἀλλὰ
364 1608 411 1655 τῷ
432 1603 608 1642 δεδοικότι
638 1607 696 1642 καὶ
728 1607 945 1655 λυπουμένῳ
979 1607 1070 1642 κατὰ
1102 1608 1226 1642 πολλὰ
1255 1608 1462 1651 συμπίπτων
1481 1607 1522 1642 έν
1541 1609 1691 1657 μεγάλῃ

244 1669 362 1711 πόλει,
384 1670 441 1703 καὶ
461 1670 735 1716 θρασυνόμενον
753 1669 841 1716 ὑπὲρ
859 1677 922 1705 τοῦ
942 1671 1155 1718 μέλλοντος,
1179 1669 1224 1704 δι’
1243 1667 1373 1716 ἐρίδων
1395 1666 1450 1712 ἦν.
1507 1669 1634 1705 Αὐτόν
1652 1684 1692 1705 τε

239 1729 435 1778 Πομπήϊον
465 1733 773 1780 ἐκπεπληγμένον
805 1733 919 1767 ἄλλος
949 1733 1169 1781 ἀλλαχόθεν
1203 1732 1391 1778 ἐτάραττε,
1424 1736 1498 1767 τοῖς
1528 1732 1612 1780 μὲν,
1647 1734 1692 1768 ὡς

237 1794 368 1838 ηὔξησε
383 1793 562 1842 Καίσαρα
583 1798 658 1831 καθ’
679 1796 808 1831 ἑαυτοῦ
830 1796 887 1831 καὶ
907 1801 966 1838 τῆς
986 1797 1200 1844 ἡγεμονίας,
1222 1795 1375 1830 εὐθύνας
1394 1794 1592 1844 ὑπέχοντα,
1616 1801 1688 1832 τῶν

239 1854 281 1901 δ’,
303 1856 357 1893 ὅτι
377 1863 667 1908 παραχωροῦντα
687 1861 745 1895 καὶ
762 1859 1045 1908 προτεινόμενον
1062 1859 1297 1908 εὐγνώμονας
1313 1855 1499 1894 διαλύσεις
1519 1858 1687 1907 ἀφῆκαν3

890 1942 1030 1974 NOTAE

283 2013 323 2042 10
345 2012 526 2052 Ἀνεῤῥίφθω
542 2013 635 2050 κύβος
650 2015 718 2047 sive
735 2016 751 2045 ὁ
767 2015 860 2051 κύβος
875 2008 938 2055 ἆν.]
994 2015 1137 2047 Casaub.
1154 2018 1335 2045 comment.

238 2061 303 2093 His
331 2062 411 2103 ipsis
447 2065 585 2096 vocibus
616 2066 748 2096 Graecis
778 2075 856 2096 usus
886 2070 938 2096 est

239 2112 363 2152 emeat,
379 2119 415 2144 ut
432 2118 527 2153 patet
551 2125 591 2145 ex
609 2115 702 2146 Piut.
721 2115 800 2146 Vita
817 2116 936 2155 Pomp.

236 2172 268 2193 c.
284 2166 336 2194 60.
384 2163 436 2194 Ne
454 2165 586 2202 credas,
605 2166 724 2196 Latine
751 2165 840 2196 sorte
868 2167 938 2196 (lix-

238 2212 324 2243 isse:
354 2213 450 2253 jacta
470 2215 543 2246 alea
558 2220 640 2246 esto.
686 2215 739 2247 Cf.
756 2217 850 2247 Suet.
866 2216 936 2248 Jul.

236 2270 269 2293 c.
288 2264 340 2293 32.

280 2314 316 2343 ll
344 2310 445 2351 Μίξιν]
475 2313 563 2343 Visus
577 2316 621 2343 es!
633 2324 689 2353 per
701 2314 831 2353 quietem
844 2315 938 2345 matri

236 2364 377 2401 stuprum
406 2362 545 2393 intulisse
575 2364 669 2394 Suet.
700 2364 770 2396 Jul.
802 2368 848 2402 7.,
883 2365 938 2405 qui

236 2411 407 2442 Caesarem
424 2413 486 2443 hoc
502 2414 641 2452 somnio,
657 2425 731 2444 cum
757 2415 789 2445 in
818 2416 939 2456 Hispa-

237 2460 293 2491 nia
309 2461 460 2492 ulteriori
480 2468 626 2502 quaestor
643 2469 741 2503 essct,
761 2464 938 2495 confusum

238 2519 312 2541 esse
329 2516 528 2542 auctorest.
575 2514 651 2545 Quo
676 2513 806 2544 somnio
831 2514 938 2544 oniro-

238 2560 348 2591 critici
376 2561 446 2591 sive
472 2562 680 2600 conjectores
697 2563 871 2593 arbitrium
888 2574 939 2594 or-

240 2608 290 2640 bis
305 2614 470 2641 terrarum
485 2612 639 2650 portendi
652 2612 826 2652 dixerunt,
839 2623 941 2654 quan-

240 2656 283 2687 do
300 2664 409 2689 mater
425 2670 489 2690 non
507 2661 571 2691 alia
587 2666 692 2700 esset,
721 2672 819 2703 quam
838 2668 940 2700 terra,

241 2715 316 2747 qua:
332 2709 478 2739 omnium
502 2719 622 2750 parens
647 2711 840 2745 haberetur.
885 2713 940 2745 Cf.

1036 2068 1051 2096 l
1078 2062 1418 2102 Συγκεχυμένων-τῆς
1433 2063 1564 2104 πόλεως]
1587 2064 1690 2095 Certe

993 2123 1067 2144 eum
1099 2114 1296 2154 Xylandro:
1342 2113 1467 2151 confuso
1499 2114 1593 2144 simul
1624 2123 1693 2144 cum

991 2165 1217 2202 provinciarum
1235 2162 1452 2204 (provinciae)
1463 2164 1692 2202 limitibusjure

992 2215 1070 2254 reip.
1099 2214 1257 2244 Romame.
1303 2214 1403 2244 Italia
1425 2214 1515 2245 enim
1531 2223 1551 2244 a
1573 2214 1692 2246 Roma-

993 2265 1044 2294 nis
1060 2274 1124 2294 non
1141 2264 1328 2294 habebatur
1355 2274 1415 2304 pro
1433 2264 1615 2304 provincia,
1630 2263 1690 2294 sed

992 2315 1065 2354 ejus
1080 2314 1325 2345 administratio
1339 2314 1380 2345 ab
1393 2314 1474 2345 urbe
1493 2314 1599 2344 Roma
1613 2322 1692 2354 pen-

993 2364 1109 2395 deba&

1034 2417 1054 2444 2
1080 2413 1131 2444 Ad
1149 2414 1312 2445 ἀπολιπεῖν
1334 2418 1390 2444 ant
1414 2413 1512 2452 adde,
1529 2418 1589 2445 aut
1615 2413 1690 2445 snb-

992 2464 1067 2495 audi
1085 2466 1194 2495 saltim
1211 2466 1276 2495 τοῦ.
1315 2466 1440 2496 ΚείεῙιε.

1035 2518 1053 2545 3
1077 2515 1175 2555 Smpe
1193 2515 1328 2546 nimiam
1353 2515 1481 2546 Reiskii
1499 2512 1691 2555 proclivita-

994 2569 1061 2594 tem
1079 2565 1294 2604 conjecturas
1310 2566 1340 2595 in
1356 2570 1485 2596 textum
1503 2563 1689 2603 recipiendi

994 2615 1198 2655 improbavi,
1228 2620 1264 2646 ut
1293 2620 1410 2646 nostro
1441 2621 1573 2653 quoque
1605 2613 1690 2651 loco,

995 2665 1051 2695 uhi
1069 2665 1190 2704 ἀφῆκαν
1204 2665 1340 2704 scripsit
1357 2673 1417 2703 pro
1431 2662 1530 2702 ἀφῆκε
1547 2667 1582 2693 et
1597 2674 1690 2699 κατη-

993 2715 1145 2754 γοροῦντα
1171 2724 1232 2755 pro
1256 2713 1514 2754 κατηγοροῦντας,
1529 2718 1564 2744 et
1579 2713 1689 2744 locum
