1872 3104
271 188 319 232 lii
925 199 1082 231 rumix

276 292 435 324 Exi-edere
448 302 465 324 ε
479 294 706 334 consuetudine,
717 302 791 324 eain
803 292 974 335 deponere

317 334 374 367 Af.
388 338 442 367 73.
459 334 500 367 cs.
521 335 624 367 Orbis.

274 377 450 420 Exceptare
470 379 604 420 aliquem
625 378 802 411 attollendi
825 387 926 410 causa
942 378 973 410 G

315 421 375 460 vii,
390 424 441 453 47.

272 462 430 495 Excidet-e
439 466 556 503 portas,
571 472 791 504 perrumpere
805 464 836 494 G
851 463 908 501 vii,
920 467 973 494 50.

315 506 457 537 excidere
472 504 590 544 seram,
607 515 731 546 capere
749 506 780 537 G
797 506 870 545 viii,
886 508 938 537 28.

273 548 440 621 Ετᾶὅρενε,
467 548 555 578 navis
571 548 687 589 excipit
702 550 825 588 vadum,
847 548 914 579 vid.
931 547 973 580 ad

366 589 413 628 in,
432 592 481 620 13.

271 632 426 663 Excitare
441 635 554 670 turres,
571 631 705 671 erigere
722 631 754 664 G
771 631 820 669 iii,
836 634 888 663 14.

269 673 460 714 Excubitus,
480 673 632 706 excubiae
656 673 691 706 H
713 677 746 706 6.
789 673 914 714 Veget.
931 673 974 706 de

313 725 341 747 r.
359 725 403 749 m.
420 716 442 747 ii
470 719 501 749 8.

270 740 458 800 Exculcarez
475 757 705 792 conculcando
721 758 856 800 replere
871 758 904 791 G
918 758 976 799 vii,

273 843 498 876 Excum'oncm
512 844 621 883 facere
637 843 668 875 G
686 843 719 883 ii,
735 845 787 875 30.

269 887 444 927 Exmrsus,
460 886 502 918 de
520 886 606 925 acie,
628 896 811 927 procursus
828 895 974 927 quorun-

311 929 390 962 dam
407 939 449 961 ex
465 929 539 961 acie
554 938 671 960 versus
687 929 832 968 hostem,
853 933 891 960 ut
907 929 976 970 pri-

310 973 357 1005 mi
373 973 538 1013 impetum
554 970 683 1003 faciant
699 972 725 1003 C
743 972 790 1011 iii,
805 974 858 1003 92.

273 1016 458 1056 Exemplum
489 1014 666 1046 tabularum
693 1014 882 1054 testamenti,
910 1013 975 1045 Ab-

308 1058 435 1097 κήν-ἐμ,
451 1057 536 1098 copie
552 1057 580 1089 C
596 1056 646 1096 iii,
664 1059 737 1087 108.
780 1057 870 1097 Ergo
886 1056 974 1088 tabu-

309 1101 351 1131 1oe
373 1101 477 1132 eodem
500 1100 640 1140 exemplo
661 1103 753 1138 sunt,
779 1099 846 1129 eine
859 1099 974 1137 gleich-

309 1143 452 1175 lautende
482 1141 647 1179 Abschrilt
675 1142 729 1173 des
772 1141 974 1173 Testaments.

310 1185 365 1218 ef.
390 1187 505 1217 Edere.

268 1228 459 1262 Exercitum
474 1228 563 1259 bellis
575 1226 662 1267 regio
678 1226 711 1258 G
727 1225 797 1267 viii,
812 1228 865 1258 25.

268 1271 453 1310 Exercitus,
468 1271 606 1311 pedites
622 1269 655 1301 G
671 1269 731 1309 vii,
746 1272 801 1301 61.

267 1314 396 1354 Exigue
422 1314 533 1345 habere
558 1313 767 1352 frumentum,
794 1320 870 1342 curn
898 1320 974 1352 par-

310 1357 384 1388 cius
415 1356 636 1388 dividendum
665 1359 730 1395 est,
767 1363 843 1386 cum
881 1363 973 1396 aegre

309 1398 437 1431 sufficit
454 1399 486 1431 G
502 1399 561 1438 vii,
575 1401 630 1430 71.

272 1441 443 1482 Exiguum
458 1441 606 1484 temporis
620 1440 653 1472 G
670 1438 707 1479 ii,
729 1441 785 1478 21,
808 1441 864 1471 33.
905 1438 972 1470 exi-

305 1485 415 1524 guitas
439 1485 608 1526 copiarum,
635 1491 796 1514 numerus
827 1481 971 1522 exiguus

309 1527 342 1559 G
361 1527 408 1568 iii,
421 1530 473 1558 23.
517 1526 678 1567 exiguitas
695 1525 798 1566 pellis,
819 1524 970 1556 brevitas

310 1569 343 1602 G
359 1570 404 1611 iv,
421 1573 452 1602 1.

267 1612 400 1645 Eximio
414 1612 516 1653 opinio
533 1611 562 1644 G
583 1610 617 1651 ii,
633 1612 664 1641 8.

266 1655 430 1696 Existere,
452 1662 621 1696 apparere
638 1653 666 1685 C
686 1651 734 1692 iii,
759 1654 832 1683 105.
856 1649 916 1682 Af.
939 1653 972 1692 7,

269 1739 474 1778 Existimare,
486 1748 549 1779 pro
561 1737 747 1775 aestimare,
758 1735 792 1767 h.
803 1743 834 1767 e.
847 1733 972 1776 dijudi-

309 1791 400 1822 care,
416 1787 569 1814 statuere
587 1780 614 1812 C
630 1779 678 1820 iii,
694 1781 769 1810 102.

265 1824 428 1866 Expedire
440 1834 543 1863 naves,
557 1827 594 1855 ut
610 1823 653 1854 ad
669 1821 825 1862 praelium
841 1823 971 1860 paratae

307 1869 378 1900 sint
404 1868 431 1900 C
455 1868 490 1905 ii,
512 1869 544 1898 4.
589 1864 735 1906 expedire
748 1873 814 1895 rem
828 1862 971 1901 frumen-

308 1911 436 1948 tariam,
463 1910 535 1950 ejus
558 1907 796 1940 difficultatem
819 1905 970 1937 minnere

310 1952 362 1985 Ci
392 1955 445 1983 54.

266 1975 444 2036 Expeditae
456 1997 567 2031 motus,
588 1990 769 2023 facillimus
793 1990 826 2022 G
850 1990 894 2030 iv,
915 1993 969 2022 25.

305 2036 469 2078 expeditus
484 2034 623 2066 omnibus
637 2032 792 2072 membris,
815 2032 872 2073 qui
888 2031 970 2063 nihil

307 2084 421 2121 gestat
434 2088 497 2110 nec
514 2078 668 2115 humero,
695 2085 759 2107 nec
775 2084 876 2106 manu
900 2079 969 2106 etc.

309 2122 344 2154 G
369 2122 413 2162 iv,
440 2124 494 2153 24.
538 2118 690 2160 expediti,
711 2118 768 2160 qui
795 2117 878 2149 nihil
905 2117 969 2149 nisi

307 2174 402 2196 arma
417 2168 553 2205 gestant
569 2163 600 2194 G
618 2162 640 2202 i,
654 2164 707 2192 49.
725 2161 760 2200 ἰί,
777 2163 829 2191 19.
846 2160 884 2192 it.
909 2161 968 2202 qui

306 2207 380 2239 aine
402 2205 657 2247 impedimentis
685 2206 752 2235 iter
777 2202 909 2234 faciunt
935 2203 968 2235 G

307 2250 354 2289 vi,
369 2251 424 2280 25.
446 2249 517 2287 viii,
538 2251 588 2280 14.
613 2248 641 2279 C
656 2246 706 2286 iii,
721 2249 753 2278 6.
771 2245 829 2277 ubi
845 2247 895 2277 sic
912 2255 968 2277 ex-

307 2292 479 2334 plicatur:
503 2291 570 2322 sine
596 2289 761 2330 mancipiis
783 2292 814 2320 et
839 2288 968 2329 impedi-

305 2334 431 2367 mentis.
466 2334 534 2365 Iter
549 2334 658 2373 expcd.
674 2332 708 2363 in
725 2341 791 2372 quo
808 2332 900 2363 nulla
914 2340 969 2362 oc-

306 2380 450 2410 currunt
466 2375 710 2416 impedimenta
725 2373 757 2406 G
775 2375 798 2414 i,
814 2377 846 2405 6.
887 2375 969 2406 locus

307 2420 470 2461 expeditus
487 2419 514 2450 C
530 2418 552 2458 i,
572 2421 625 2449 27.

266 2462 393 2504 Expelli
407 2471 452 2501 re,
480 2461 522 2493 de
538 2469 591 2501 eo,
621 2458 677 2502 qui
692 2468 752 2500 spe
768 2463 804 2491 et
827 2458 968 2491 consilio

307 2504 437 2537 excidit
451 2502 510 2535 Af.
527 2506 582 2535 25.

264 2547 428 2589 Expensas
443 2547 537 2578 alicui
545 2546 634 2585 ferre
645 2545 804 2586 pecunias,
816 2543 967 2576 scribere

305 2590 340 2622 in
356 2589 480 2623 tabulis
497 2597 736 2629 expensarum,
753 2588 877 2619 solutas
892 2596 967 2618 esse

305 2633 407 2664 alicui
423 2632 586 2674 pecunias
604 2630 635 2662 A
651 2633 705 2661 49.
723 2634 775 2661 56.

266 2674 430 2715 Experiri,
459 2676 508 2706 sc.
538 2674 618 2715 quid
648 2674 779 2714 possint
806 2672 838 2704 G
867 2672 891 2712 i,
915 2675 967 2704 44.

307 2717 446 2757 experiri
461 2720 612 2756 eventum,
629 2726 690 2747 usu
708 2720 744 2747 et
760 2715 967 2756 experiendo

308 2767 527 2798 cognoscere,
546 2759 650 2798 qualis
666 2758 712 2790 sit
728 2759 759 2790 G
776 2759 823 2797 iii,
840 2761 872 2789 3.
916 2768 968 2789 ex-

306 2801 406 2842 periri
422 2800 573 2831 auxilium
590 2801 621 2830 G
639 2800 686 2837 iii,
702 2804 732 2829 5.

1028 292 1177 332 Explere,
1187 291 1328 332 expletur
1327 290 1416 331 ‚iusta
1425 292 1558 324 altitudo
1566 293 1596 326 G
1610 293 1665 333 vii,
1674 298 1728 328 23.

1028 334 1199 375 Explicare
1224 344 1289 365 rem
1307 335 1562 377 frumentariam,
1591 337 1728 369 modum

1069 377 1142 417 ejus
1174 377 1410 417 comparandae
1441 377 1627 410 faciliorem
1655 379 1730 412 red-

1069 420 1150 449 dere
1164 419 1195 451 G
1214 420 1282 458 viii,
1296 423 1328 451 4.
1359 421 1513 462 explicare
1526 424 1656 462 sumtus,
1678 431 1728 454 re-

1068 471 1206 492 movere
1236 461 1456 495 difficultates
1482 469 1653 495 sumtuum
1680 464 1729 496 fa·

1068 503 1278 543 ciendorum,
1293 514 1426 545 curare,
1439 511 1475 537 nt
1492 511 1621 538 sumtus
1639 516 1728 539 com-

1067 546 1168 577 mode
1184 545 1258 578 fieri
1275 547 1405 587 possint
1421 548 1451 579 Α
1468 552 1521 580 34.
1565 549 1729 581 Similiter

1067 589 1223 629 explicare
1239 589 1398 620 consilium
1415 595 1449 621 ct
1465 592 1646 631 explicitum
1660 602 1730 623 con-

1067 631 1182 670 silium,
1205 630 1305 663 facile
1332 631 1470 673 effectu,
1499 635 1615 673 paucis
1643 633 1728 666 diffi-

1068 674 1255 705 cultatibus
1268 674 1460 716 obseptum,
1473 675 1598 716 εὐπορία
1608 676 1634 708 C
1645 677 1667 714 i,
1677 680 1729 708 73.

1067 715 1136 746 Sed
1153 717 1180 747 C
1197 717 1247 755 iii,
1274 720 1327 748 78.
1373 719 1549 758 explicabat
1569 719 1729 750 consilium

1066 758 1115 788 rei
1127 758 1222 788 totius
1244 759 1292 790 his
1307 761 1489 801 rationibus,
1513 762 1534 793 i.
1548 771 1577 794 e.
1595 771 1729 793 omnem

1068 808 1153 847 rem,
1169 801 1280 831 causis
1296 803 1418 841 agendi
1436 804 1540 843 probe
1557 805 1729 845 cogitatis,

1067 850 1116 872 sic
1133 843 1347 874 instituebat.
1393 845 1526 886 Nempe
1553 847 1729 879 consilium

1067 883 1191 923 agendi
1204 883 1460 917 difficultatibus
1470 887 1652 928 impeditum
1664 894 1729 929 ost,

1067 936 1144 957 cum
1159 925 1233 958 fieri
1250 928 1369 968 possit,
1385 933 1422 960 ut
1448 929 1514 961 alio
1539 935 1642 972 atque
1665 932 1730 963 alio

1066 969 1168 1000 modo
1195 969 1365 1010 agendum
1395 971 1439 1003 sit
1454 983 1462 1004 :
1499 972 1559 1004 lias
1589 972 1732 1005 difficul-

1068 1016 1156 1043 tates
1171 1012 1462 1055 multiplicemque
1486 1015 1568 1046 belli
1589 1017 1730 1055 gerendi

1067 1054 1232 1086 rationem
1254 1056 1426 1097 sigillatim
1450 1058 1631 1099 cogitando
1658 1068 1730 1090 rem

1066 1097 1244 1138 expedinme
1259 1104 1295 1130 et
1309 1099 1507 1140 explicamus,
1529 1100 1621 1141 dum,
1648 1101 1731 1144 quid

1067 1145 1104 1171 et
1130 1149 1236 1181 qnare
1263 1142 1432 1182 agendum
1459 1143 1515 1182 sit,
1530 1143 1730 1184 cogitamus.

1066 1181 1257 1223 Explicatur
1270 1184 1364 1223 acies,
1384 1193 1459 1215 curn
1475 1185 1522 1216 sic
1538 1186 1729 1225 instruitur,

1066 1228 1106 1256 ut
1131 1225 1166 1255 in
1193 1226 1326 1266 justam
1353 1227 1569 1260 latitudinem
1595 1229 1729 1260 extensi

1065 1266 1134 1299 sint
1148 1268 1298 1307 ordines,
1317 1277 1383 1300 non
1400 1278 1442 1300 eo
1459 1270 1602 1310 amplius
1617 1271 1730 1312 modo,

1066 1319 1133 1350 quo
1149 1309 1183 1340 in
1198 1310 1319 1342 itinere
1336 1315 1395 1342 aut
1409 1312 1575 1353 angustiis
1593 1311 1730 1345 fuerant

1067 1353 1096 1383 C
1109 1352 1145 1391 ii,
1157 1355 1211 1384 26.
1237 1353 1284 1391 iii,
1301 1355 1354 1385 93.
1381 1353 1420 1385 it.
1438 1354 1461 1392 i,
1477 1357 1532 1387 58.
1559 1360 1613 1387 est
1627 1355 1732 1397 idem,

1066 1394 1157 1435 quod
1171 1397 1340 1435 producere
1354 1396 1475 1437 longius
1488 1398 1523 1429 in
1537 1398 1648 1430 latiore
1662 1408 1731 1439 spa·

1065 1437 1123 1468 tio.
1146 1437 1269 1477 Agmen
1284 1439 1454 1479 explicare,
1468 1439 1643 1472 confusam
1660 1447 1730 1472 tur-

1064 1479 1144 1512 bam
1169 1481 1318 1522 quodam
1343 1481 1463 1512 ordine
1485 1482 1669 1524 disponere
1695 1482 1727 1516 G

1065 1522 1113 1561 ix,
1129 1525 1182 1554 14.

1023 1565 1227 1638 Eaesslicitior,
1253 1565 1507 1607 comparativus
1532 1576 1626 1599 rarus
1652 1567 1680 1601 C
1707 1567 1730 1609 i,

1024 1649 1238 1690 Exporrigere
1252 1650 1368 1690 equites
1381 1650 1416 1681 in
1431 1651 1657 1690 longitudinem
1670 1651 1729 1685 Af.

1064 1694 1119 1722 78.
1137 1692 1157 1723 i.
1170 1701 1199 1722 e.
1216 1691 1324 1722 aciem
1341 1693 1527 1733 explicare.
1572 1694 1728 1735 Exporri-

1063 1743 1139 1772 gere
1153 1733 1350 1774 munitiones,
1365 1735 1554 1768 extendere
1569 1735 1630 1770 Af.
1645 1740 1700 1770 42.

1025 1775 1214 1816 Exprimere
1228 1776 1365 1819 (alicui)
1379 1787 1482 1810 vocem
1497 1779 1528 1811 G
1546 1779 1569 1818 i,
1584 1782 1637 1812 32.
1674 1790 1729 1812 ex-

1063 1818 1197 1858 primere
1211 1829 1321 1860 aquam
1334 1821 1648 1854 machinationibusve
1665 1833 1730 1854 ma·

1064 1861 1098 1935 g
1111 1860 1143 1893 A
1158 1865 1190 1893 5.
1234 1872 1334 1903 agger
1355 1864 1504 1905 exprimit
1519 1868 1622 1897 turres
1636 1866 1730 1897 aleius

1115 1903 1172 1944 vii,
1186 1906 1241 1936 22.

1027 1946 1214 1987 Exquirere,
1228 1947 1408 1987 explorare
1424 1948 1456 1980 G
1479 1948 1501 1987 i,
1523 1952 1577 1981 41.
1622 1951 1731 1991 exqui-

1064 1998 1133 2019 rere
1145 1990 1327 2028 sententias,
1343 1999 1462 2030 rogare
1479 1991 1512 2022 G
1527 1991 1573 2031 iii,
1586 1994 1619 2024 3.

1023 2030 1165 2071 Exsequi
1177 2030 1234 2069 jus
1245 2041 1344 2073 suum,
1360 2031 1557 2074 defendere,
1572 2033 1672 2076 tueri,
1684 2044 1726 2066 ne

1065 2074 1242 2105 amittatur
1258 2075 1289 2106 G
1305 2075 1329 2114 i,
1349 2078 1381 2106 4.

1026 2115 1179 2190 lingentis
1202 2117 1358 2158 humerus,
1386 2126 1455 2149 non
1485 2121 1598 2150 tectus
1628 2122 1725 2151 veste

1113 2158 1173 2198 vii,
1189 2162 1243 2190 50.

1021 2200 1208 2242 Exspoliare
1230 2201 1376 2234 honorem
1396 2201 1538 2244 alicuius,
1560 2211 1636 2234 eum
1660 2203 1727 2244 pri-

1063 2253 1142 2275 vare
1157 2244 1284 2276 honore
1301 2245 1333 2277 G
1352 2244 1420 2285 viii,
1435 2247 1489 2276 50.

1022 2287 1200 2318 Extendere
1215 2296 1247 2318 se
1261 2286 1456 2330 (progredi)
1467 2286 1589 2328 magnis
1602 2287 1726 2320 itineri-

1063 2329 1119 2360 bus
1135 2330 1162 2361 C
1178 2329 1231 2369 iii,
1244 2333 1299 2361 77.

1021 2372 1204 2404 Extenuare
1218 2372 1348 2412 equites,
1372 2381 1412 2404 co
1428 2371 1601 2413 redigere,
1622 2376 1662 2404 ut
1677 2370 1726 2402 di-

1063 2415 1160 2446 ducti
1175 2419 1281 2455 stent,
1298 2424 1364 2447 non
1383 2414 1480 2446 densi
1497 2413 1553 2447 Af.
1570 2417 1622 2448 14.
1644 2414 1725 2446 acies

1062 2460 1240 2497 extenuata,
1277 2457 1312 2488 in
1348 2457 1565 2489 latitudinem
1607 2455 1725 2496 magis,

1062 2509 1164 2541 quam
1179 2499 1428 2540 longitudinem
1448 2499 1581 2532 directa
1595 2497 1653 2531 Af.
1667 2502 1722 2530 59.

1022 2542 1204 2583 Exterrere‚
1220 2547 1353 2574 terrere
1370 2543 1398 2575 C
1414 2543 1437 2582 i,
1451 2546 1505 2576 41.
1529 2541 1564 2581 ii,
1578 2543 1611 2571 4.

1020 2586 1127 2617 Extra
1141 2585 1288 2628 (contra,
1311 2584 1456 2626 praeter)
1477 2581 1721 2615 consuetudinem

1063 2629 1090 2659 C
1106 2629 1155 2668 iii,
1171 2631 1224 2659 85.
1269 2628 1325 2659 Sic
1348 2626 1438 2668 apud
1462 2626 1586 2658 Horat.
1630 2627 1720 2655 extra

1061 2681 1222 2702 numerum
1237 2674 1266 2701 et
1281 2671 1402 2701 modum
1416 2678 1519 2708 agere.

1021 2714 1200 2745 Extrahere
1212 2713 1293 2744 diem
1305 2712 1442 2749 dicendo,
1453 2709 1628 2741 absumere
1642 2717 1720 2739 eum

1063 2756 1208 2787 dicendo
1224 2754 1266 2785 ad
1281 2754 1359 2785 solis
1382 2761 1489 2793 usque
1513 2760 1667 2783 occasum
1691 2751 1718 2782 C

1063 2797 1086 2836 i,
1109 2800 1161 2829 32.
1185 2795 1229 2827 cf.
1253 2805 1281 2827 c.
1304 2798 1357 2827 33.
1395 2794 1574 2826 extrahitur
1589 2797 1719 2834 tempus,
