1872 3104
621 154 662 184 o.
694 152 730 183 J.
762 150 979 181 cAESAms
1012 151 1144 181 vim.
1507 139 1619 181 1927

165 251 206 288 ε”ν
225 247 398 302 Κορδύβῃ
418 253 558 296 πρῶτον
577 246 673 295 αὐτῷ
689 249 750 281 τοῦ
771 244 919 287 πάθους,
937 247 981 280 ὡς
1001 246 1170 290 λέγεται,
1189 248 1314 281 τούτου
1334 251 1616 297 προσπεσόντος,

166 316 207 352 οὖ
224 316 408 362 μαλακίας
439 312 637 353 ἐποιήσατο
668 310 733 352 τὴν
767 309 976 357 ιἰῤῥωστίαν
996 308 1191 355 πρόφασιν,
1218 310 1319 344 ἀλλὰ
1341 311 1540 356 θεραπείαν
1560 322 1619 358 τῆς

164 379 365 427 ιἰῥρωστίας
386 378 452 419 τὴν
473 377 682 420 στρατείαν,
703 378 778 409 ταῖς
800 372 962 421 ἀτρύτοις
995 370 1228 417 ὁδοιπορίαις,
1250 374 1306 408 καὶ
1341 379 1417 410 ταῖς
1451 377 1619 415 εὐτελέσι

164 442 332 483 διαίταις,
350 441 408 475 καὶ
428 441 476 488 τῷ
496 441 694 484 θυραυλεῖν
714 437 1001 487 ἀπομαχόμενος
1022 439 1069 485 τῷ
1090 436 1210 479 πάθει,
1233 439 1289 472 καὶ
1322 437 1360 473 τι)
1392 444 1496 487 σῶμα
1517 448 1620 490 φρου-

161 511 233 553 ρῶν
251 503 476 540 δυσάλωτον.
532 502 726 556 ᾙκοιμιῖτο
755 504 825 550 μέν
861 516 906 547 γε
938 498 1016 536 τους
1047 503 1243 537 πλείστους
1264 502 1394 538 ὕπνους
1413 504 1455 538 έν
1476 504 1620 554 ὀχήμα-

163 583 235 611 σιν,
269 567 290 610 ἢ
318 570 485 615 φορείοις,
507 566 558 601 εἷς
582 569 711 612 πρᾶξιν
744 567 810 610 τὴν
839 564 1054 600 ἀνάπαυσιν
1087 568 1380 614 κατατιθέμενος·
1410 570 1544 618 ὠχεῖτο
1577 566 1618 605 δὲ

159 633 239 679 μεθ’
258 632 400 679 ἡμέραν
421 631 480 666 ε’πὶ
499 631 544 666 τὰ
563 629 715 679 φρούρια
737 629 795 664 καὶ
815 630 878 664 τὰς
899 630 1023 664 πόλεις
1044 630 1102 664 καὶ
1125 627 1204 665 τούς
1224 629 1402 680 χάρακας,
1425 631 1503 668 ἑνὸς
1523 633 1620 684 αὐτῷ

1332 691 1350 713 4

161 695 446 743 συγκαθημένου
477 691 619 736 παιδὸς,
650 699 723 729 τῶν
754 692 986 741 ὑπογράφειν
1020 694 1099 742 ἅμα
1133 691 1320 731 διώκοντος
1386 697 1619 744 εἰθισμένων,

159 758 238 795 ἑνὸς
258 755 287 794 δ’
308 759 499 803 ἐξόπισθεν
520 758 759 807 ἐφεστηκότος
780 760 1012 802 στρατιώτου,
1032 759 1128 806 ξίφος
1148 757 1309 807 ἔχοντος.
1384 758 1569 796 Συντόνως
1590 757 1620 796 δ’

158 824 321 866 ἤλαυνεν
353 822 474 865 οὕτως,
508 823 602 858 ὥστε
636 822 700 864 τὴν
735 821 881 867 πρώτην
920 817 1045 864 ἔξοδον
1078 819 1150 855 ἀπὸ
1183 819 1323 869 Ῥώμης
1358 823 1619 872 ποιησάμενος,

158 883 328 932 ὀγδοαῖος
347 885 407 921 ἐπὶ
427 885 491 922 τὸν
507 883 688 921 Ῥοδανὸν
709 884 864 919 &fletvs
922 881 976 918 Τὸ
1005 882 1075 931 μὲν
1095 880 1160 918 οἷ’]’ν
1182 882 1349 920 ἱππεύειν
1367 884 1406 920 ἐκ
1425 883 1555 923 παιδὸς
1574 884 1620 931 ἦν

158 950 253 1001 αὐτῷ
271 947 412 998 ῥᾴδιον·
445 950 584 985 εἴθιστο
612 950 684 995 γὰρ
705 949 755 983 εἷς
774 948 934 983 τούπίσω
954 948 1016 982 τὰς
1035 951 1164 997 χεῖρας
1182 948 1355 995 ἀπάγων,
1372 950 1432 984 καὶ
1450 952 1497 1000 τῷ
1519 951 1619 1001 νώτῳ

156 1015 398 1062 περιπλέκων,
420 1015 494 1049 ἀνὰ
524 1013 648 1060 κράτος
676 1010 851 1048 ἐλαύνειν
871 1010 935 1048 τὸν
953 1009 1101 1048 ἵππον.6
1154 1011 1218 1048 Ἐν
1249 1013 1370 1065 ἐκείνῃ
1389 1011 1429 1049 δὲ
1448 1016 1491 1064 τῇ
1512 1029 1621 1062 στρα-

156 1081 238 1125 τείᾳ
258 1081 550 1126 προσεξήσκησεν
590 1076 845 1125 ἱππαξόμειός
866 1077 928 1112 τὰς
948 1076 1145 1113 ἐπιστολὰς
1165 1077 1421 1125 ὑπαγορεύειν,
1440 1079 1498 1114 καὶ
1513 1075 1620 1115 δυσὶν

156 1142 244 1189 ι’,νμοῦ
266 1145 472 1191 γράφουσιν
488 1141 663 1189 ἐξαρκεῖν·
687 1142 731 1176 ὡς
752 1137 780 1175 δ’
802 1137 965 1176 ’Όππιός
981 1141 994 1161 ⁷
1025 1147 1126 1190 φησι,
1149 1142 1207 1176 καὶ
1227 1143 1387 1178 πλείοσι.
1444 1141 1618 1189 Λέγεται

156 1204 197 1241 δὲ
231 1207 291 1242 καὶ
328 1204 368 1242 τὸ
401 1203 462 1241 διὰ
501 1207 730 1254 γραμμάτων
768 1208 842 1240 τοῖς
878 1206 996 1255 φίλοις
1010 1203 1023 1224 ²³
1062 1204 1222 1253 ὁμιλεῖν,
1263 1205 1442 1253 Καίσαρα
1476 1213 1618 1254 πρῶτον

154 1271 463 1319 μηχανῆσασθαι,
485 1272 551 1314 τὴν
573 1271 663 1305 κατὰ
683 1269 877 1318 πρόσωπον
897 1270 1059 1314 ἔντευξιν
1078 1269 1167 1318 ὑπὲρ
1187 1275 1258 1305 τῶν
1279 1270 1516 1316 ἐπειγόντων,
1555 1275 1617 1307 τοῦ

156 1340 279 1381 καιροῦ
300 1331 361 1370 διά
382 1349 421 1370 τε
442 1332 482 1369 τὸ
502 1335 637 1376 πλῆθος
652 1331 668 1353 ⁹
688 1334 883 1383 ἀσχολιῶν
899 1335 957 1370 καὶ
976 1342 1037 1378 τῆς
1056 1334 1196 1370 πόλεως
1216 1333 1255 1370 τι)
1274 1337 1430 1383 μέγεθος
1448 1336 1498 1383 μὴ
1519 1350 1617 1383 περι·

152 1399 341 1444 μένοντος.
397 1395 471 1440 Τῆς
501 1395 541 1432 δὲ
572 1399 653 1445 περὶ
684 1400 750 1442 τὴν
783 1396 930 1435 δίαιταν
964 1400 1133 1434 εὐκολίας
1166 1399 1312 1434 κάκεῖνο
1341 1403 1532 1435 ποιοῦνται
1555 1414 1616 1443 ση-

152 1464 271 1508 μεῖον,
305 1460 372 1505 ὅτι,
395 1467 457 1497 τοῦ
489 1458 744 1498 ὃειπνίὲοντος
778 1460 891 1498 αὐτὸν
920 1462 962 1498 ἐν
991 1459 1218 1511 Μεδιολάνῳ
1255 1464 1370 1506 ξένου,
1404 1459 1615 1510 Οὐαλερίου

153 1523 329 1569 Λέοντος,
362 1526 590 1573 παραθέντος
609 1526 844 1575 ἀσπάραγον,
868 1527 925 1563 καὶ
956 1529 1071 1577 μύρον
1088 1527 1120 1544 ¹⁰
1152 1527 1231 1563 ἀντ’
1250 1525 1381 1562 ἐλαίου
1403 1528 1614 1576 καταχέαν-

810 1631 949 1664 NOTAE

152 1713 214 1735 csse
230 1703 368 1745 scripsit
393 1705 486 1736 Suet.
503 1704 573 1737 Jnl.
600 1715 629 1736 c.
646 1708 699 1736 45.
726 1705 781 1746 qni
808 1706 855 1736 lo-

152 1765 210 1786 cus
227 1754 270 1786 de
288 1755 431 1786 caesaris
447 1755 856 1796 statura,va1etudine,et

151 1805 244 1837 circa
257 1815 380 1846 corpus
397 1815 490 1844 cura,
507 1806 672 1837 videndus
689 1811 753 1837 est.

191 1857 210 1886 4
233 1855 359 1896 Ὗπογρ.
376 1853 438 1894 ἅμα
455 1855 630 1896 διώκοντος]
654 1857 761 1888 Verte
778 1866 855 1887 cum

149 1905 348 1948 Xylandro:
374 1908 426 1947 qui
447 1908 567 1939 dictata
594 1908 632 1938 ab
654 1908 720 1949 ipso
735 1909 856 1948 excipe-

150 1960 199 1988 ret
213 1957 382 1990 scribendo.

192 2012 211 2038 5
236 2007 369 2048 Ἐλθεῖν]
394 2008 470 2041 Quo
486 2009 590 2050 igitur
603 2009 725 2040 itinere
741 2009 854 2050 singu-

150 2057 191 2087 lis
207 2057 325 2089 diebus
349 2068 423 2090 mv.
449 2060 589 2091 circiter
605 2059 760 2091 milliaria
776 2070 854 2101 geo-

150 2108 308 2148 graphica
325 2109 559 2141 transvolavit.

191 2161 212 2189 6
235 2158 456 2191 ΕΪθισπο-τὸν
466 2160 576 2201 ἵππον]
610 2162 765 2193 Deerant
780 2161 853 2193 haec

150 2207 254 2239 verba
285 2209 318 2239 in
345 2208 427 2240 cod.
457 2210 637 2250 Xylandri.
683 2212 740 2243 De
766 2221 852 2253 equo

149 2257 284 2298 insigni,
323 2269 388 2300 quo
427 2260 541 2291 Coesar
578 2261 750 2301 utebatur,
785 2262 852 2294 vid.

149 2308 244 2339 Suet.
265 2310 335 2342 Jul.
362 2321 392 2342 e.
418 2314 471 2343 61.
520 2312 607 2344 Plin.
640 2313 685 2344 H.
703 2315 746 2345 N.
768 2323 851 2346 vm.

148 2361 201 2390 42.
218 2364 253 2390 et
271 2361 337 2391 Dio
352 2362 444 2393 Cass.
462 2363 517 2394 lib.
536 2372 681 2396 xxxvn.

191 2412 210 2440 7
236 2410 354 2450 Oppius
379 2418 452 2443 erat
473 2424 513 2444 ex
530 2413 753 2446 familiaribus
778 2416 852 2448 Cae-

149 2460 233 2491 saris
248 2465 284 2491 et
301 2460 343 2492 de
368 2463 442 2502 ejus
471 2464 539 2495 vita
566 2466 743 2506 scripsisse
760 2466 852 2497 vide-

149 2514 215 2541 tur.
261 2511 431 2542 caesarem
450 2513 601 2552 pluribus
617 2515 715 2546 simul
735 2516 851 2547 literas

148 2559 308 2601 dictasse,
326 2563 428 2592 etiam
442 2563 570 2593 Plinius
585 2565 692 2595 tradit
710 2565 769 2596 lib.
783 2574 851 2596 vn.

146 2613 221 2643 25.:
258 2612 400 2644 Scribere
415 2617 468 2644 ant
487 2615 600 2653 legere,
618 2615 709 2645 simul
732 2616 852 2646 dictare

146 2664 176 2692 et
191 2662 299 2693 audire
313 2664 438 2694 solitum
454 2665 636 2705 accepimus.
694 2666 854 2706 Epis-colas

147 2721 218 2744 vero
240 2716 400 2744 tantarum
423 2724 525 2746 rerum
545 2719 711 2755 quaternas
731 2716 853 2756 pariter

910 1706 1079 1748 [librariis]
1100 1707 1241 1743 ἀπέστω
1277 1707 1345 1748 [aut
1371 1707 1398 1738 si
1423 1706 1503 1738 nihil
1529 1707 1615 1738 aliud

909 1761 1030 1797 ageret,
1045 1758 1214 1799 septenas]
1269 1758 1356 1790 Quae
1382 1758 1416 1789 in
1440 1758 1491 1789 his
1518 1759 1614 1790 uncis

908 1808 1043 1846 int-lusi,
1069 1818 1111 1838 ex
1137 1808 1239 1839 trium
1270 1808 1378 1839 Codd.
1408 1808 1614 1840 auctoritate

910 1858 1097 1889 omittenda
1125 1863 1213 1889 sunt.
1269 1858 1360 1889 Satis
1386 1857 1451 1890 fuit
1476 1858 1614 1900 vigoris,

909 1912 1092 1949 quaternas
1107 1908 1250 1939 dictare.

952 1961 971 1989 8
993 1960 1062 1989 Τοῖς
1076 1958 1192 1999 φίλοις]
1237 1959 1292 1990 Sc.
1318 1958 1543 2000 praesentibus
1560 1959 1613 1989 vel

909 2010 942 2040 in
960 2010 1041 2041 urbe
1059 2010 1112 2041 vel
1127 2011 1160 2041 in
1177 2010 1321 2041 Caesaris
1337 2010 1470 2041 castris.
1528 2010 1614 2041 Cum

909 2059 1019 2091 literae
1037 2065 1167 2091 tantum
1195 2060 1391 2091 absentibus
1414 2060 1503 2092 mitti
1528 2061 1614 2092 sole-

909 2114 998 2149 rent,
1013 2110 1161 2142 instituit
1177 2110 1292 2141 Caesar
1307 2111 1382 2151 hoc,
1407 2116 1443 2142 ut
1466 2111 1614 2152 tempori

908 2166 1080 2202 parceret.
1128 2162 1207 2192 Non
1234 2162 1361 2193 accedo
1377 2163 1428 2201 iis,
1455 2162 1512 2203 qui
1529 2163 1612 2193 Plu-

909 2213 1062 2244 tarchum
1092 2212 1135 2243 de
1167 2213 1310 2244 Caesaris
1345 2212 1613 2254 cryptographia

906 2263 1190 2303 interpretantur,
1204 2263 1246 2293 de
1264 2273 1330 2305 qua
1345 2263 1504 2294 videatur
1514 2264 1611 2295 Suet.

908 2313 996 2345 Caes.
1014 2323 1044 2344 c.
1058 2316 1111 2345 56.

949 2366 970 2394 9
991 2366 1033 2394 Τὸ
1048 2364 1180 2405 πλῆθος]
1214 2363 1407 2395 Articulum
1431 2373 1509 2395 cum
1536 2363 1611 2395 cod.

905 2414 948 2445 V.
966 2415 1067 2445 malui
1083 2414 1223 2445 addere.

951 2468 990 2495 10
1022 2464 1082 2494 Καὶ
1107 2463 1215 2504 μύρον]
1259 2465 1452 2504 scripserat
1474 2464 1512 2495 C.
1540 2463 1611 2504 Op-

907 2515 996 2554 pius,
1014 2515 1186 2546 Caesarem
1212 2514 1380 2554 quondam
1408 2513 1450 2544 ab
1475 2512 1611 2553 hospite

906 2564 1079 2595 conditum
1104 2564 1229 2601 oleum,
1257 2573 1319 2603 pro
1345 2563 1445 2594 viridi
1474 2562 1610 2604 apposi-

907 2618 991 2653 tum,
1027 2614 1286 2653 aspernantibus
1324 2613 1459 2653 ceteris,
1501 2613 1610 2645 solum

907 2664 1009 2695 etiam
1027 2664 1152 2705 largius
1168 2665 1352 2705 appetisse,
1374 2675 1417 2696 ne
1439 2664 1610 2706 hospitem

907 2719 967 2746 aut
981 2714 1198 2755 negligentiae
1220 2718 1279 2746 aut
1302 2715 1504 2747 rusticitatis
1519 2715 1611 2747 vide-
