<?xml version="1.0" encoding="UTF-8"?>
<!DOCTYPE html PUBLIC "-//W3C//DTD XHTML 1.0 Transitional//EN"
    "http://www.w3.org/TR/xhtml1/DTD/xhtml1-transitional.dtd">
<html xmlns="http://www.w3.org/1999/xhtml" xml:lang="en" lang="en">
 <head>
  <title>
</title>
<meta http-equiv="Content-Type" content="text/html;charset=utf-8" />
  <meta name='ocr-system' content='tesseract 3.04.00' />
  <meta name='ocr-capabilities' content='ocr_page ocr_carea ocr_par ocr_line ocrx_word'/>
</head>
<body>
  <div class='ocr_page' id='page_1' title='image "./operaomniaexedit05caesuoft/operaomniaexedit05caesuoft_0289.png"; bbox 0 0 1872 3104; ppageno 0'>
   <div class='ocr_carea' id='block_1_1' title="bbox 652 217 987 248">
    <p class='ocr_par' dir='ltr' id='par_1_1' title="bbox 652 217 987 248">
     <span class='ocr_line' id='line_1_1' title="bbox 652 217 987 248; baseline -0.003 -2"><span class='ocrx_word' id='word_1_1' title='bbox 652 217 987 248; x_wconf 74' lang='lat' dir='ltr'>LATINl&#39;rATlS.</span> 
     </span>
    </p>
   </div>
   <div class='ocr_carea' id='block_1_2' title="bbox 108 310 814 1540">
    <p class='ocr_par' dir='ltr' id='par_1_2' title="bbox 146 310 578 350">
     <span class='ocr_line' id='line_1_2' title="bbox 146 310 578 350; baseline -0.019 -2"><span class='ocrx_word' id='word_1_2' title='bbox 146 327 217 348; x_wconf 80' lang='lat' dir='ltr'>rum</span> <span class='ocrx_word' id='word_1_3' title='bbox 233 315 415 347; x_wconf 86' lang='lat' dir='ltr'>vicinorum</span> <span class='ocrx_word' id='word_1_4' title='bbox 439 310 504 350; x_wconf 83' lang='lat' dir='ltr'>Gi,</span> <span class='ocrx_word' id='word_1_5' title='bbox 525 312 578 341; x_wconf 90' lang='grc'>27.</span> 
     </span>
    </p>

    <p class='ocr_par' dir='ltr' id='par_1_3' title="bbox 108 352 794 399">
     <span class='ocr_line' id='line_1_3' title="bbox 108 352 794 399; baseline -0.015 -8"><span class='ocrx_word' id='word_1_6' title='bbox 108 361 224 399; x_wconf 80' lang='lat' dir='ltr'><strong><em>Vigiles</em></strong></span> <span class='ocrx_word' id='word_1_7' title='bbox 238 361 416 393; x_wconf 68' lang='lat' dir='ltr'>castrorum,</span> <span class='ocrx_word' id='word_1_8' title='bbox 441 353 657 384; x_wconf 84' lang='lat' dir='ltr'>excubitores</span> <span class='ocrx_word' id='word_1_9' title='bbox 674 352 704 383; x_wconf 92' lang='lat' dir='ltr'><strong>G</strong></span> <span class='ocrx_word' id='word_1_10' title='bbox 724 352 794 391; x_wconf 90' lang='lat' dir='ltr'>viii,</span> 
     </span>
    </p>

    <p class='ocr_par' dir='ltr' id='par_1_4' title="bbox 108 436 791 524">
     <span class='ocr_line' id='line_1_4' title="bbox 108 436 791 480; baseline -0.01 -5"><span class='ocrx_word' id='word_1_11' title='bbox 108 444 270 475; x_wconf 69' lang='lat' dir='ltr'>vindicare</span> <span class='ocrx_word' id='word_1_12' title='bbox 295 438 458 480; x_wconf 86' lang='lat' dir='ltr'>(vindicta</span> <span class='ocrx_word' id='word_1_13' title='bbox 471 436 536 476; x_wconf 81' lang='lat' dir='ltr'>uti)</span> <span class='ocrx_word' id='word_1_14' title='bbox 557 438 589 468; x_wconf 86' lang='lat' dir='ltr'>in</span> <span class='ocrx_word' id='word_1_15' title='bbox 615 437 745 477; x_wconf 78' lang='lat' dir='ltr'><em>aliquem</em></span> <span class='ocrx_word' id='word_1_16' title='bbox 762 438 791 468; x_wconf 89' lang='lat' dir='ltr'><strong>G</strong></span> 
     </span>
     <span class='ocr_line' id='line_1_5' title="bbox 145 479 664 524; baseline -0.01 -8"><span class='ocrx_word' id='word_1_17' title='bbox 145 487 192 524; x_wconf 87' lang='lat' dir='ltr'>iii,</span> <span class='ocrx_word' id='word_1_18' title='bbox 209 487 258 515; x_wconf 83' lang='grc'>16.</span> <span class='ocrx_word' id='word_1_19' title='bbox 282 483 403 521; x_wconf 87' lang='lat' dir='ltr'>Veget.</span> <span class='ocrx_word' id='word_1_20' title='bbox 420 479 462 510; x_wconf 89' lang='lat' dir='ltr'>de</span> <span class='ocrx_word' id='word_1_21' title='bbox 478 489 505 510; x_wconf 90' lang='lat' dir='ltr'>r.</span> <span class='ocrx_word' id='word_1_22' title='bbox 522 490 566 510; x_wconf 93' lang='lat' dir='ltr'>m.</span> <span class='ocrx_word' id='word_1_23' title='bbox 596 480 617 519; x_wconf 91' lang='lat' dir='ltr'>i,</span> <span class='ocrx_word' id='word_1_24' title='bbox 634 483 664 511; x_wconf 98' lang='grc'>1.</span> 
     </span>
    </p>

    <p class='ocr_par' dir='ltr' id='par_1_5' title="bbox 110 522 807 1066">
     <span class='ocr_line' id='line_1_6' title="bbox 110 522 804 562; baseline -0.01 -3"><span class='ocrx_word' id='word_1_25' title='bbox 110 529 205 560; x_wconf 82' lang='lat' dir='ltr'>Vinea</span> <span class='ocrx_word' id='word_1_26' title='bbox 220 528 350 556; x_wconf 78' lang='lat' dir='ltr'>constat</span> <span class='ocrx_word' id='word_1_27' title='bbox 377 522 479 562; x_wconf 86' lang='lat' dir='ltr'>lignis</span> <span class='ocrx_word' id='word_1_28' title='bbox 508 523 730 561; x_wconf 78' lang='lat' dir='ltr'>tenuioribus,</span> <span class='ocrx_word' id='word_1_29' title='bbox 745 522 804 552; x_wconf 90' lang='lat' dir='ltr'>im-</span> 
     </span>
     <span class='ocr_line' id='line_1_7' title="bbox 144 565 801 610; baseline -0.008 -10"><span class='ocrx_word' id='word_1_30' title='bbox 144 569 252 610; x_wconf 79' lang='lat' dir='ltr'>posito</span> <span class='ocrx_word' id='word_1_31' title='bbox 276 570 371 598; x_wconf 89' lang='lat' dir='ltr'>tecto</span> <span class='ocrx_word' id='word_1_32' title='bbox 387 565 528 606; x_wconf 82' lang='lat' dir='ltr'>junctis,</span> <span class='ocrx_word' id='word_1_33' title='bbox 550 565 640 606; x_wconf 89' lang='lat' dir='ltr'>quod</span> <span class='ocrx_word' id='word_1_34' title='bbox 673 570 801 595; x_wconf 89' lang='lat' dir='ltr'>tectum</span> 
     </span>
     <span class='ocr_line' id='line_1_8' title="bbox 144 607 803 649; baseline -0.006 -8"><span class='ocrx_word' id='word_1_35' title='bbox 144 610 281 649; x_wconf 80' lang='lat' dir='ltr'>tabulis,</span> <span class='ocrx_word' id='word_1_36' title='bbox 296 607 476 639; x_wconf 85' lang='lat' dir='ltr'>viminibus</span> <span class='ocrx_word' id='word_1_37' title='bbox 491 607 712 648; x_wconf 86' lang='lat' dir='ltr'>cratibusque</span> <span class='ocrx_word' id='word_1_38' title='bbox 726 617 803 638; x_wconf 88' lang='lat' dir='ltr'>con-</span> 
     </span>
     <span class='ocr_line' id='line_1_9' title="bbox 143 649 802 691; baseline -0.006 -8"><span class='ocrx_word' id='word_1_39' title='bbox 143 653 282 690; x_wconf 85' lang='lat' dir='ltr'>texitur,</span> <span class='ocrx_word' id='word_1_40' title='bbox 299 651 360 682; x_wconf 88' lang='lat' dir='ltr'>sub</span> <span class='ocrx_word' id='word_1_41' title='bbox 378 660 446 691; x_wconf 88' lang='lat' dir='ltr'>quo</span> <span class='ocrx_word' id='word_1_42' title='bbox 463 651 526 680; x_wconf 90' lang='lat' dir='ltr'>tuti</span> <span class='ocrx_word' id='word_1_43' title='bbox 543 654 646 689; x_wconf 89' lang='lat' dir='ltr'>stant,</span> <span class='ocrx_word' id='word_1_44' title='bbox 659 649 713 690; x_wconf 87' lang='lat' dir='ltr'>qui</span> <span class='ocrx_word' id='word_1_45' title='bbox 732 660 802 680; x_wconf 90' lang='lat' dir='ltr'>mu-</span> 
     </span>
     <span class='ocr_line' id='line_1_10' title="bbox 143 692 800 732; baseline -0.006 -6"><span class='ocrx_word' id='word_1_46' title='bbox 143 705 215 726; x_wconf 91' lang='lat' dir='ltr'>rum</span> <span class='ocrx_word' id='word_1_47' title='bbox 239 694 405 725; x_wconf 85' lang='lat' dir='ltr'>subruunt</span> <span class='ocrx_word' id='word_1_48' title='bbox 421 692 453 723; x_wconf 92' lang='lat' dir='ltr'><strong>G</strong></span> <span class='ocrx_word' id='word_1_49' title='bbox 470 692 504 732; x_wconf 88' lang='lat' dir='ltr'>ii,</span> <span class='ocrx_word' id='word_1_50' title='bbox 521 695 574 732; x_wconf 87' lang='lat'>12,</span> <span class='ocrx_word' id='word_1_51' title='bbox 599 695 652 723; x_wconf 81' lang='lat'>30.</span> <span class='ocrx_word' id='word_1_52' title='bbox 676 692 724 731; x_wconf 87' lang='lat' dir='ltr'>iii,</span> <span class='ocrx_word' id='word_1_53' title='bbox 748 696 800 723; x_wconf 84' lang='grc'>21.</span> 
     </span>
     <span class='ocr_line' id='line_1_11' title="bbox 144 734 800 776; baseline -0.005 -8"><span class='ocrx_word' id='word_1_54' title='bbox 144 737 201 776; x_wconf 86' lang='lat' dir='ltr'>vii,</span> <span class='ocrx_word' id='word_1_55' title='bbox 217 740 270 768; x_wconf 85' lang='lat'>27.</span> <span class='ocrx_word' id='word_1_56' title='bbox 314 746 373 767; x_wconf 86' lang='lat' dir='ltr'>une</span> <span class='ocrx_word' id='word_1_57' title='bbox 394 735 526 775; x_wconf 67' lang='lat' dir='ltr'>galei-ie.</span> <span class='ocrx_word' id='word_1_58' title='bbox 572 734 730 775; x_wconf 83' lang='lat' dir='ltr'>Apparet</span> <span class='ocrx_word' id='word_1_59' title='bbox 759 745 800 765; x_wconf 77' lang='lat' dir='ltr'>ex</span> 
     </span>
     <span class='ocr_line' id='line_1_12' title="bbox 143 777 802 820; baseline -0.005 -10"><span class='ocrx_word' id='word_1_60' title='bbox 143 780 205 819; x_wconf 80' lang='lat' dir='ltr'>his,</span> <span class='ocrx_word' id='word_1_61' title='bbox 228 788 330 820; x_wconf 86' lang='lat' dir='ltr'>quare</span> <span class='ocrx_word' id='word_1_62' title='bbox 354 782 516 809; x_wconf 85' lang='lat' dir='ltr'>contexta</span> <span class='ocrx_word' id='word_1_63' title='bbox 547 777 728 808; x_wconf 83' lang='lat' dir='ltr'>viminibus</span> <span class='ocrx_word' id='word_1_64' title='bbox 753 778 802 807; x_wconf 83' lang='lat' dir='ltr'>‹li-</span> 
     </span>
     <span class='ocr_line' id='line_1_13' title="bbox 145 820 804 861; baseline -0.005 -8"><span class='ocrx_word' id='word_1_65' title='bbox 145 827 242 853; x_wconf 85' lang='lat' dir='ltr'>catur</span> <span class='ocrx_word' id='word_1_66' title='bbox 265 821 341 861; x_wconf 91' lang='lat' dir='ltr'>Cii,</span> <span class='ocrx_word' id='word_1_67' title='bbox 366 823 398 853; x_wconf 84' lang='lat'>2.</span> <span class='ocrx_word' id='word_1_68' title='bbox 450 820 538 861; x_wconf 85' lang='lat' dir='ltr'>quod</span> <span class='ocrx_word' id='word_1_69' title='bbox 564 820 607 851; x_wconf 87' lang='lat' dir='ltr'>ad</span> <span class='ocrx_word' id='word_1_70' title='bbox 635 820 708 860; x_wconf 75' lang='lat' dir='ltr'>ejus</span> <span class='ocrx_word' id='word_1_71' title='bbox 735 825 804 850; x_wconf 84' lang='lat' dir='ltr'>tec-</span> 
     </span>
     <span class='ocr_line' id='line_1_14' title="bbox 145 862 803 904; baseline -0.006 -8"><span class='ocrx_word' id='word_1_72' title='bbox 145 869 217 895; x_wconf 85' lang='lat' dir='ltr'>tum</span> <span class='ocrx_word' id='word_1_73' title='bbox 247 862 466 896; x_wconf 80' lang='lat' dir='ltr'>referendum</span> <span class='ocrx_word' id='word_1_74' title='bbox 503 867 568 902; x_wconf 86' lang='lat' dir='ltr'>est,</span> <span class='ocrx_word' id='word_1_75' title='bbox 602 872 803 904; x_wconf 84' lang='lat' dir='ltr'>quamquam</span> 
     </span>
     <span class='ocr_line' id='line_1_15' title="bbox 145 905 804 939; baseline -0.006 0"><span class='ocrx_word' id='word_1_76' title='bbox 145 907 248 939; x_wconf 90' lang='lat' dir='ltr'>etiam</span> <span class='ocrx_word' id='word_1_77' title='bbox 276 908 384 938; x_wconf 86' lang='lat' dir='ltr'>latera</span> <span class='ocrx_word' id='word_1_78' title='bbox 414 905 594 936; x_wconf 90' lang='lat' dir='ltr'>viminibus</span> <span class='ocrx_word' id='word_1_79' title='bbox 629 905 804 936; x_wconf 88' lang='lat' dir='ltr'>obstructa</span> 
     </span>
     <span class='ocr_line' id='line_1_16' title="bbox 148 947 804 990; baseline -0.005 -10"><span class='ocrx_word' id='word_1_80' title='bbox 148 956 239 980; x_wconf 87' lang='lat' dir='ltr'>sunt.</span> <span class='ocrx_word' id='word_1_81' title='bbox 300 950 425 990; x_wconf 78' lang='lat' dir='ltr'>Veget.</span> <span class='ocrx_word' id='word_1_82' title='bbox 454 948 496 979; x_wconf 90' lang='lat' dir='ltr'>de</span> <span class='ocrx_word' id='word_1_83' title='bbox 520 957 556 978; x_wconf 92' lang='lat' dir='ltr'>re</span> <span class='ocrx_word' id='word_1_84' title='bbox 580 947 650 978; x_wconf 89' lang='lat' dir='ltr'>mil.</span> <span class='ocrx_word' id='word_1_85' title='bbox 681 948 724 987; x_wconf 88' lang='lat' dir='ltr'>iv,</span> <span class='ocrx_word' id='word_1_86' title='bbox 755 951 804 978; x_wconf 85' lang='lat'>15.</span> 
     </span>
     <span class='ocr_line' id='line_1_17' title="bbox 145 990 807 1031; baseline -0.003 -8"><span class='ocrx_word' id='word_1_87' title='bbox 145 994 238 1023; x_wconf 70' lang='lat' dir='ltr'>vinea</span> <span class='ocrx_word' id='word_1_88' title='bbox 251 991 373 1031; x_wconf 71' lang='lat' dir='ltr'>agitur,</span> <span class='ocrx_word' id='word_1_89' title='bbox 388 1000 464 1022; x_wconf 89' lang='lat' dir='ltr'>cum</span> <span class='ocrx_word' id='word_1_90' title='bbox 480 990 514 1021; x_wconf 91' lang='lat' dir='ltr'>in</span> <span class='ocrx_word' id='word_1_91' title='bbox 531 999 656 1031; x_wconf 81' lang='lat' dir='ltr'>aggere</span> <span class='ocrx_word' id='word_1_92' title='bbox 673 999 807 1030; x_wconf 89' lang='lat' dir='ltr'>promo·</span> 
     </span>
     <span class='ocr_line' id='line_1_18' title="bbox 148 1039 259 1066; baseline 0.009 -1"><span class='ocrx_word' id='word_1_93' title='bbox 148 1039 259 1066; x_wconf 83' lang='lat' dir='ltr'>vetur.</span> 
     </span>
    </p>

    <p class='ocr_par' dir='ltr' id='par_1_6' title="bbox 111 1074 762 1117">
     <span class='ocr_line' id='line_1_19' title="bbox 111 1074 762 1117; baseline -0.008 -8"><span class='ocrx_word' id='word_1_94' title='bbox 111 1077 233 1113; x_wconf 81' lang='lat' dir='ltr'>Vinum,</span> <span class='ocrx_word' id='word_1_95' title='bbox 248 1077 319 1117; x_wconf 75' lang='lat' dir='ltr'>ejus</span> <span class='ocrx_word' id='word_1_96' title='bbox 342 1074 484 1107; x_wconf 82' lang='lat' dir='ltr'>effectus</span> <span class='ocrx_word' id='word_1_97' title='bbox 498 1074 529 1106; x_wconf 90' lang='lat' dir='ltr'>G</span> <span class='ocrx_word' id='word_1_98' title='bbox 545 1074 583 1113; x_wconf 87' lang='lat' dir='ltr'>ii,</span> <span class='ocrx_word' id='word_1_99' title='bbox 601 1077 653 1106; x_wconf 87' lang='grc'>15.</span> <span class='ocrx_word' id='word_1_100' title='bbox 669 1074 715 1113; x_wconf 89' lang='lat' dir='ltr'>iv,</span> <span class='ocrx_word' id='word_1_101' title='bbox 731 1077 762 1105; x_wconf 84' lang='lat'>2.</span> 
     </span>
    </p>

    <p class='ocr_par' dir='ltr' id='par_1_7' title="bbox 110 1117 805 1192">
     <span class='ocr_line' id='line_1_20' title="bbox 110 1117 805 1192; baseline -0.004 -41"><span class='ocrx_word' id='word_1_102' title='bbox 110 1119 268 1192; x_wconf 49' lang='lat' dir='ltr'>Virgfg&#39;liae,</span> <span class='ocrx_word' id='word_1_103' title='bbox 284 1118 389 1158; x_wconf 89' lang='lat' dir='ltr'>sidus,</span> <span class='ocrx_word' id='word_1_104' title='bbox 407 1118 471 1148; x_wconf 91' lang='lat' dir='ltr'>alio</span> <span class='ocrx_word' id='word_1_105' title='bbox 496 1117 630 1148; x_wconf 91' lang='lat' dir='ltr'>nomine</span> <span class='ocrx_word' id='word_1_106' title='bbox 646 1117 805 1149; x_wconf 85' lang='lat' dir='ltr'>Pleiades</span> 
     </span>
    </p>

    <p class='ocr_par' dir='ltr' id='par_1_8' title="bbox 111 1201 649 1244">
     <span class='ocr_line' id='line_1_21' title="bbox 111 1201 649 1244; baseline -0.007 -8"><span class='ocrx_word' id='word_1_107' title='bbox 111 1204 266 1244; x_wconf 71' lang='lat' dir='ltr'>Vir-uitas,</span> <span class='ocrx_word' id='word_1_108' title='bbox 279 1207 398 1244; x_wconf 83' lang='lat' dir='ltr'>erepta</span> <span class='ocrx_word' id='word_1_109' title='bbox 413 1206 535 1234; x_wconf 75' lang='lat' dir='ltr'>exsecto</span> <span class='ocrx_word' id='word_1_110' title='bbox 552 1201 583 1233; x_wconf 94' lang='lat' dir='ltr'><strong>A</strong></span> <span class='ocrx_word' id='word_1_111' title='bbox 595 1205 649 1233; x_wconf 84' lang='grc'>70.</span> 
     </span>
    </p>

    <p class='ocr_par' dir='ltr' id='par_1_9' title="bbox 113 1245 806 1363">
     <span class='ocr_line' id='line_1_22' title="bbox 113 1245 804 1287; baseline -0.004 -9"><span class='ocrx_word' id='word_1_112' title='bbox 113 1247 230 1287; x_wconf 78' lang='lat' dir='ltr'>Virtus,</span> <span class='ocrx_word' id='word_1_113' title='bbox 244 1246 369 1278; x_wconf 87' lang='lat' dir='ltr'>bellica</span> <span class='ocrx_word' id='word_1_114' title='bbox 382 1245 548 1277; x_wconf 81' lang='lat' dir='ltr'>fortitudo</span> <span class='ocrx_word' id='word_1_115' title='bbox 565 1245 597 1276; x_wconf 88' lang='lat' dir='ltr'>G</span> <span class='ocrx_word' id='word_1_116' title='bbox 615 1245 638 1284; x_wconf 93' lang='lat' dir='ltr'>i,</span> <span class='ocrx_word' id='word_1_117' title='bbox 653 1248 682 1276; x_wconf 95' lang='grc'>1.</span> <span class='ocrx_word' id='word_1_118' title='bbox 701 1245 736 1284; x_wconf 86' lang='lat' dir='ltr'>ii,</span> <span class='ocrx_word' id='word_1_119' title='bbox 753 1248 804 1276; x_wconf 90' lang='lat'>15.</span> 
     </span>
     <span class='ocr_line' id='line_1_23' title="bbox 148 1287 806 1363; baseline -0.003 -43"><span class='ocrx_word' id='word_1_120' title='bbox 148 1291 251 1363; x_wconf 45' lang='grc' dir='ltr'>ἕηκε</span> <span class='ocrx_word' id='word_1_121' title='bbox 264 1289 430 1330; x_wconf 78' lang='lat' dir='ltr'><em>elephanti,</em></span> <span class='ocrx_word' id='word_1_122' title='bbox 441 1288 542 1320; x_wconf 87' lang='lat' dir='ltr'>robur</span> <span class='ocrx_word' id='word_1_123' title='bbox 559 1292 595 1318; x_wconf 90' lang='lat' dir='ltr'>et</span> <span class='ocrx_word' id='word_1_124' title='bbox 617 1287 806 1319; x_wconf 82' lang='lat' dir='ltr'>dexteritas</span> 
     </span>
    </p>

    <p class='ocr_par' dir='ltr' id='par_1_10' title="bbox 115 1372 812 1497">
     <span class='ocr_line' id='line_1_24' title="bbox 115 1372 810 1415; baseline -0.003 -9"><span class='ocrx_word' id='word_1_125' title='bbox 115 1374 170 1406; x_wconf 71' lang='lat' dir='ltr'>Vis</span> <span class='ocrx_word' id='word_1_126' title='bbox 197 1373 330 1415; x_wconf 90' lang='lat' dir='ltr'>(copia)</span> <span class='ocrx_word' id='word_1_127' title='bbox 350 1383 465 1413; x_wconf 73' lang='lat' dir='ltr'>magna</span> <span class='ocrx_word' id='word_1_128' title='bbox 490 1373 628 1412; x_wconf 79' lang='lat' dir='ltr'>pulveris</span> <span class='ocrx_word' id='word_1_129' title='bbox 657 1373 685 1404; x_wconf 92' lang='lat' dir='ltr'>C</span> <span class='ocrx_word' id='word_1_130' title='bbox 704 1372 738 1413; x_wconf 89' lang='lat' dir='ltr'>ii,</span> <span class='ocrx_word' id='word_1_131' title='bbox 755 1375 810 1406; x_wconf 83' lang='lat'>26.</span> 
     </span>
     <span class='ocr_line' id='line_1_25' title="bbox 153 1415 812 1457; baseline -0.003 -9"><span class='ocrx_word' id='word_1_132' title='bbox 153 1417 312 1448; x_wconf 76' lang='lat' dir='ltr'>similiter</span> <span class='ocrx_word' id='word_1_133' title='bbox 330 1416 379 1446; x_wconf 69' lang='lat' dir='ltr'>vis</span> <span class='ocrx_word' id='word_1_134' title='bbox 403 1425 517 1456; x_wconf 75' lang='lat' dir='ltr'>magna</span> <span class='ocrx_word' id='word_1_135' title='bbox 531 1426 620 1456; x_wconf 79' lang='lat' dir='ltr'>aquoe</span> <span class='ocrx_word' id='word_1_136' title='bbox 642 1415 674 1446; x_wconf 88' lang='lat' dir='ltr'><strong>A</strong></span> <span class='ocrx_word' id='word_1_137' title='bbox 689 1418 720 1446; x_wconf 88' lang='grc'>9.</span> <span class='ocrx_word' id='word_1_138' title='bbox 738 1425 812 1457; x_wconf 80' lang='lat' dir='ltr'>pas-</span> 
     </span>
     <span class='ocr_line' id='line_1_26' title="bbox 155 1458 404 1497; baseline 0 -7"><span class='ocrx_word' id='word_1_139' title='bbox 155 1459 226 1490; x_wconf 76' lang='lat' dir='ltr'>sive</span> <span class='ocrx_word' id='word_1_140' title='bbox 242 1458 270 1490; x_wconf 91' lang='lat' dir='ltr'>C</span> <span class='ocrx_word' id='word_1_141' title='bbox 286 1458 316 1497; x_wconf 80' lang='lat' dir='ltr'>i,</span> <span class='ocrx_word' id='word_1_142' title='bbox 328 1461 404 1490; x_wconf 93' lang='grc'><strong>110.</strong></span> 
     </span>
    </p>

    <p class='ocr_par' dir='ltr' id='par_1_11' title="bbox 119 1500 814 1540">
     <span class='ocr_line' id='line_1_27' title="bbox 119 1500 814 1540; baseline -0.004 -7"><span class='ocrx_word' id='word_1_143' title='bbox 119 1501 240 1533; x_wconf 77' lang='lat' dir='ltr'>Vitium</span> <span class='ocrx_word' id='word_1_144' title='bbox 253 1500 393 1540; x_wconf 68' lang='lat' dir='ltr'>sentium,</span> <span class='ocrx_word' id='word_1_145' title='bbox 407 1500 530 1532; x_wconf 87' lang='lat' dir='ltr'>vitiosa</span> <span class='ocrx_word' id='word_1_146' title='bbox 545 1500 712 1532; x_wconf 84' lang='lat' dir='ltr'>exhalatio</span> <span class='ocrx_word' id='word_1_147' title='bbox 726 1500 754 1531; x_wconf 92' lang='lat' dir='ltr'>C</span> <span class='ocrx_word' id='word_1_148' title='bbox 768 1500 814 1539; x_wconf 88' lang='lat' dir='ltr'>iii,</span> 
     </span>
    </p>
   </div>
   <div class='ocr_carea' id='block_1_3' title="bbox 155 1541 818 1582">
    <p class='ocr_par' dir='ltr' id='par_1_12' title="bbox 155 1541 818 1582">
     <span class='ocr_line' id='line_1_28' title="bbox 155 1541 818 1582; baseline -0.003 -6"><span class='ocrx_word' id='word_1_149' title='bbox 155 1546 209 1576; x_wconf 88' lang='grc'>28.</span> <span class='ocrx_word' id='word_1_150' title='bbox 254 1543 354 1574; x_wconf 77' lang='lat' dir='ltr'>turris</span> <span class='ocrx_word' id='word_1_151' title='bbox 374 1542 456 1581; x_wconf 78' lang='lat' dir='ltr'>feeit</span> <span class='ocrx_word' id='word_1_152' title='bbox 470 1543 595 1582; x_wconf 80' lang='lat' dir='ltr'>vitium,</span> <span class='ocrx_word' id='word_1_153' title='bbox 609 1541 818 1574; x_wconf 82' lang='lat' dir='ltr'>labefactata</span> 
     </span>
    </p>
   </div>
   <div class='ocr_carea' id='block_1_4' title="bbox 121 1585 772 1710">
    <p class='ocr_par' dir='ltr' id='par_1_13' title="bbox 121 1585 772 1710">
     <span class='ocr_line' id='line_1_29' title="bbox 156 1585 718 1626; baseline -0.004 -8"><span class='ocrx_word' id='word_1_154' title='bbox 156 1591 192 1618; x_wconf 85' lang='lat' dir='ltr'>et</span> <span class='ocrx_word' id='word_1_155' title='bbox 209 1595 370 1618; x_wconf 88' lang='lat' dir='ltr'>concussa</span> <span class='ocrx_word' id='word_1_156' title='bbox 385 1585 479 1617; x_wconf 86' lang='lat' dir='ltr'>hiare</span> <span class='ocrx_word' id='word_1_157' title='bbox 494 1585 601 1626; x_wconf 84' lang='lat' dir='ltr'>coepit</span> <span class='ocrx_word' id='word_1_158' title='bbox 614 1585 648 1616; x_wconf 89' lang='lat' dir='ltr'>H</span> <span class='ocrx_word' id='word_1_159' title='bbox 666 1588 718 1616; x_wconf 88' lang='lat'>19.</span> 
     </span>
     <span class='ocr_line' id='line_1_30' title="bbox 122 1627 668 1668; baseline -0.002 -8"><span class='ocrx_word' id='word_1_160' title='bbox 122 1629 242 1660; x_wconf 81' lang='lat' dir='ltr'>Vitrum</span> <span class='ocrx_word' id='word_1_161' title='bbox 269 1629 493 1660; x_wconf 80' lang='lat' dir='ltr'>Britannorum</span> <span class='ocrx_word' id='word_1_162' title='bbox 515 1627 549 1659; x_wconf 91' lang='lat' dir='ltr'><strong>G</strong></span> <span class='ocrx_word' id='word_1_163' title='bbox 563 1637 599 1668; x_wconf 84' lang='lat' dir='ltr'>v,</span> <span class='ocrx_word' id='word_1_164' title='bbox 616 1630 668 1659; x_wconf 78' lang='lat'>14.</span> 
     </span>
     <span class='ocr_line' id='line_1_31' title="bbox 121 1670 772 1710; baseline -0.005 -7"><span class='ocrx_word' id='word_1_165' title='bbox 121 1671 240 1703; x_wconf 69' lang='lat' dir='ltr'>Ultima</span> <span class='ocrx_word' id='word_1_166' title='bbox 252 1671 350 1710; x_wconf 77' lang='lat' dir='ltr'>mtio,</span> <span class='ocrx_word' id='word_1_167' title='bbox 374 1670 597 1702; x_wconf 83' lang='lat' dir='ltr'>remotissima</span> <span class='ocrx_word' id='word_1_168' title='bbox 612 1670 645 1702; x_wconf 88' lang='lat' dir='ltr'>G</span> <span class='ocrx_word' id='word_1_169' title='bbox 657 1670 705 1709; x_wconf 87' lang='lat' dir='ltr'>iii,</span> <span class='ocrx_word' id='word_1_170' title='bbox 718 1672 772 1701; x_wconf 81' lang='grc'>27.</span> 
     </span>
    </p>
   </div>
   <div class='ocr_carea' id='block_1_5' title="bbox 122 1711 819 1754">
    <p class='ocr_par' dir='ltr' id='par_1_14' title="bbox 122 1711 819 1754">
     <span class='ocr_line' id='line_1_32' title="bbox 122 1711 819 1754; baseline -0.003 -10"><span class='ocrx_word' id='word_1_171' title='bbox 122 1715 223 1746; x_wconf 76' lang='lat' dir='ltr'>L&#39;nus:</span> <span class='ocrx_word' id='word_1_172' title='bbox 239 1713 344 1745; x_wconf 75' lang='lat' dir='ltr'>inum</span> <span class='ocrx_word' id='word_1_173' title='bbox 356 1712 457 1754; x_wconf 86' lang='lat' dir='ltr'>(sola)</span> <span class='ocrx_word' id='word_1_174' title='bbox 469 1712 586 1743; x_wconf 76' lang='lat' dir='ltr'>virtute</span> <span class='ocrx_word' id='word_1_175' title='bbox 599 1712 630 1743; x_wconf 89' lang='lat' dir='ltr'>G</span> <span class='ocrx_word' id='word_1_176' title='bbox 649 1712 686 1751; x_wconf 91' lang='lat' dir='ltr'>ii,</span> <span class='ocrx_word' id='word_1_177' title='bbox 701 1714 754 1743; x_wconf 80' lang='lat'>33.</span> <span class='ocrx_word' id='word_1_178' title='bbox 771 1711 819 1752; x_wconf 88' lang='lat' dir='ltr'>iii,</span> 
     </span>
    </p>
   </div>
   <div class='ocr_carea' id='block_1_6' title="bbox 165 1754 817 1798">
    <p class='ocr_par' dir='ltr' id='par_1_15' title="bbox 165 1754 817 1798">
     <span class='ocr_line' id='line_1_33' title="bbox 165 1754 817 1798; baseline -0.003 -10"><span class='ocrx_word' id='word_1_179' title='bbox 165 1760 213 1789; x_wconf 83' lang='lat'>13.</span> <span class='ocrx_word' id='word_1_180' title='bbox 271 1765 361 1796; x_wconf 68' lang='lat' dir='ltr'>unu-⁹,</span> <span class='ocrx_word' id='word_1_181' title='bbox 377 1755 513 1798; x_wconf 90' lang='lat' dir='ltr'>quidam</span> <span class='ocrx_word' id='word_1_182' title='bbox 530 1754 562 1786; x_wconf 87' lang='lat' dir='ltr'><strong>G</strong></span> <span class='ocrx_word' id='word_1_183' title='bbox 585 1755 621 1794; x_wconf 88' lang='lat' dir='ltr'>ii,</span> <span class='ocrx_word' id='word_1_184' title='bbox 646 1757 698 1786; x_wconf 83' lang='lat'>25.</span> <span class='ocrx_word' id='word_1_185' title='bbox 717 1763 748 1795; x_wconf 87' lang='lat' dir='ltr'>v,</span> <span class='ocrx_word' id='word_1_186' title='bbox 764 1757 817 1786; x_wconf 80' lang='lat'>45.</span> 
     </span>
    </p>
   </div>
   <div class='ocr_carea' id='block_1_7' title="bbox 1421 209 1550 251">
    <p class='ocr_par' dir='ltr' id='par_1_16' title="bbox 1421 209 1550 251">
     <span class='ocr_line' id='line_1_34' title="bbox 1421 209 1550 251; baseline 0 -2"><span class='ocrx_word' id='word_1_187' title='bbox 1421 209 1550 251; x_wconf 80' lang='lat' dir='ltr'>lxxiii</span> 
     </span>
    </p>
   </div>
   <div class='ocr_carea' id='block_1_8' title="bbox 890 307 1551 391">
    <p class='ocr_par' dir='ltr' id='par_1_17' title="bbox 890 307 1551 391">
     <span class='ocr_line' id='line_1_35' title="bbox 890 307 1551 349; baseline 0.005 -9"><span class='ocrx_word' id='word_1_188' title='bbox 890 319 951 340; x_wconf 82' lang='lat' dir='ltr'>una</span> <span class='ocrx_word' id='word_1_189' title='bbox 980 307 1124 349; x_wconf 85' lang='lat' dir='ltr'>(aliqua)</span> <span class='ocrx_word' id='word_1_190' title='bbox 1165 308 1261 338; x_wconf 84' lang='lat' dir='ltr'>vallis</span> <span class='ocrx_word' id='word_1_191' title='bbox 1284 309 1311 337; x_wconf 76' lang='grc' dir='ltr'>(ἶ</span> <span class='ocrx_word' id='word_1_192' title='bbox 1339 309 1373 347; x_wconf 88' lang='lat' dir='ltr'>ii,</span> <span class='ocrx_word' id='word_1_193' title='bbox 1400 314 1452 342; x_wconf 85' lang='grc'>27.</span> <span class='ocrx_word' id='word_1_194' title='bbox 1513 312 1551 343; x_wconf 86' lang='lat' dir='ltr'>Iu</span> 
     </span>
     <span class='ocr_line' id='line_1_36' title="bbox 893 351 1381 391; baseline 0.002 -10"><span class='ocrx_word' id='word_1_195' title='bbox 893 351 1027 391; x_wconf 83' lang='lat' dir='ltr'>plurali,</span> <span class='ocrx_word' id='word_1_196' title='bbox 1048 361 1109 381; x_wconf 74' lang='lat' dir='ltr'>unu</span> <span class='ocrx_word' id='word_1_197' title='bbox 1124 354 1227 381; x_wconf 77' lang='lat' dir='ltr'>castra</span> <span class='ocrx_word' id='word_1_198' title='bbox 1244 351 1271 382; x_wconf 88' lang='lat' dir='ltr'>C</span> <span class='ocrx_word' id='word_1_199' title='bbox 1290 351 1312 391; x_wconf 84' lang='lat' dir='ltr'>i,</span> <span class='ocrx_word' id='word_1_200' title='bbox 1328 354 1381 383; x_wconf 72' lang='lat'>74.</span> 
     </span>
    </p>
   </div>
   <div class='ocr_carea' id='block_1_9' title="bbox 854 394 1554 433">
    <p class='ocr_par' dir='ltr' id='par_1_18' title="bbox 854 394 1554 433">
     <span class='ocr_line' id='line_1_37' title="bbox 854 394 1554 433; baseline 0 -8"><span class='ocrx_word' id='word_1_201' title='bbox 854 394 1010 425; x_wconf 66' lang='lat' dir='ltr'>Venabula</span> <span class='ocrx_word' id='word_1_202' title='bbox 1032 397 1303 433; x_wconf 76' lang='lat' dir='ltr'>armamentorum,</span> <span class='ocrx_word' id='word_1_203' title='bbox 1326 394 1461 424; x_wconf 85' lang='lat' dir='ltr'>nomina</span> <span class='ocrx_word' id='word_1_204' title='bbox 1489 396 1513 425; x_wconf 92' lang='lat' dir='ltr'>C</span> <span class='ocrx_word' id='word_1_205' title='bbox 1533 397 1554 430; x_wconf 81' lang='lat' dir='ltr'>i,</span> 
     </span>
    </p>
   </div>
   <div class='ocr_carea' id='block_1_10' title="bbox 860 440 1576 1785">
    <p class='ocr_par' dir='ltr' id='par_1_19' title="bbox 896 440 949 466">
     <span class='ocr_line' id='line_1_38' title="bbox 896 440 949 466; baseline 0 0"><span class='ocrx_word' id='word_1_206' title='bbox 896 440 949 466; x_wconf 74' lang='lat'>58.</span> 
     </span>
    </p>

    <p class='ocr_par' dir='ltr' id='par_1_20' title="bbox 860 478 1333 518">
     <span class='ocr_line' id='line_1_39' title="bbox 860 478 1333 518; baseline 0.002 -10"><span class='ocrx_word' id='word_1_207' title='bbox 860 478 1040 509; x_wconf 74' lang='lat' dir='ltr'>Votuntarii</span> <span class='ocrx_word' id='word_1_208' title='bbox 1053 478 1169 518; x_wconf 80' lang='lat' dir='ltr'>(socii)</span> <span class='ocrx_word' id='word_1_209' title='bbox 1193 478 1224 509; x_wconf 93' lang='lat' dir='ltr'><strong>G</strong></span> <span class='ocrx_word' id='word_1_210' title='bbox 1238 488 1270 517; x_wconf 92' lang='lat' dir='ltr'>v,</span> <span class='ocrx_word' id='word_1_211' title='bbox 1281 482 1333 509; x_wconf 86' lang='lat'>56.</span> 
     </span>
    </p>

    <p class='ocr_par' dir='ltr' id='par_1_21' title="bbox 863 520 1558 561">
     <span class='ocr_line' id='line_1_40' title="bbox 863 520 1558 561; baseline -0.001 -10"><span class='ocrx_word' id='word_1_212' title='bbox 863 521 1024 552; x_wconf 60' lang='lat' dir='ltr'>voluntate</span> <span class='ocrx_word' id='word_1_213' title='bbox 1038 521 1166 559; x_wconf 66' lang='lat' dir='ltr'>alicujus</span> <span class='ocrx_word' id='word_1_214' title='bbox 1181 521 1300 561; x_wconf 77' lang='lat' dir='ltr'>aliquid</span> <span class='ocrx_word' id='word_1_215' title='bbox 1319 521 1428 559; x_wconf 82' lang='lat' dir='ltr'>fucere</span> <span class='ocrx_word' id='word_1_216' title='bbox 1444 520 1475 553; x_wconf 88' lang='lat' dir='ltr'><strong>G</strong></span> <span class='ocrx_word' id='word_1_217' title='bbox 1491 521 1512 559; x_wconf 90' lang='lat' dir='ltr'>i,</span> <span class='ocrx_word' id='word_1_218' title='bbox 1528 523 1558 550; x_wconf 89' lang='grc'><strong>7.</strong></span> 
     </span>
    </p>

    <p class='ocr_par' dir='ltr' id='par_1_22' title="bbox 862 563 1560 646">
     <span class='ocr_line' id='line_1_41' title="bbox 862 563 1560 604; baseline 0 -10"><span class='ocrx_word' id='word_1_219' title='bbox 862 564 942 603; x_wconf 74' lang='lat' dir='ltr'>Vox,</span> <span class='ocrx_word' id='word_1_220' title='bbox 958 564 1000 594; x_wconf 85' lang='lat' dir='ltr'>de</span> <span class='ocrx_word' id='word_1_221' title='bbox 1017 563 1150 604; x_wconf 83' lang='lat' dir='ltr'>integra</span> <span class='ocrx_word' id='word_1_222' title='bbox 1179 563 1323 594; x_wconf 84' lang='lat' dir='ltr'>formula</span> <span class='ocrx_word' id='word_1_223' title='bbox 1339 564 1479 594; x_wconf 87' lang='lat' dir='ltr'>solemni</span> <span class='ocrx_word' id='word_1_224' title='bbox 1496 564 1523 595; x_wconf 94' lang='lat' dir='ltr'>C</span> <span class='ocrx_word' id='word_1_225' title='bbox 1538 564 1560 602; x_wconf 85' lang='lat' dir='ltr'>i,</span> 
     </span>
     <span class='ocr_line' id='line_1_42' title="bbox 898 606 1373 646; baseline 0.004 -10"><span class='ocrx_word' id='word_1_226' title='bbox 898 609 929 636; x_wconf 81' lang='grc' dir='ltr'>ὃ.</span> <span class='ocrx_word' id='word_1_227' title='bbox 954 616 1052 645; x_wconf 78' lang='lat' dir='ltr'>voces,</span> <span class='ocrx_word' id='word_1_228' title='bbox 1066 615 1216 637; x_wconf 83' lang='lat' dir='ltr'>rumores</span> <span class='ocrx_word' id='word_1_229' title='bbox 1234 606 1265 637; x_wconf 84' lang='lat' dir='ltr'><strong>G</strong></span> <span class='ocrx_word' id='word_1_230' title='bbox 1283 606 1305 646; x_wconf 88' lang='lat' dir='ltr'>i,</span> <span class='ocrx_word' id='word_1_231' title='bbox 1320 608 1373 638; x_wconf 82' lang='lat'>39.</span> 
     </span>
    </p>

    <p class='ocr_par' dir='ltr' id='par_1_23' title="bbox 862 648 1564 772">
     <span class='ocr_line' id='line_1_43' title="bbox 862 648 1560 690; baseline 0.001 -12"><span class='ocrx_word' id='word_1_232' title='bbox 862 648 988 678; x_wconf 78' lang='lat' dir='ltr'>Urbana</span> <span class='ocrx_word' id='word_1_233' title='bbox 1014 649 1166 688; x_wconf 61' lang='lat' dir='ltr'>dignitas,</span> <span class='ocrx_word' id='word_1_234' title='bbox 1183 658 1281 690; x_wconf 87' lang='lat' dir='ltr'>quam</span> <span class='ocrx_word' id='word_1_235' title='bbox 1308 649 1381 690; x_wconf 87' lang='lat' dir='ltr'>quis</span> <span class='ocrx_word' id='word_1_236' title='bbox 1407 648 1512 679; x_wconf 86' lang='lat' dir='ltr'>habet</span> <span class='ocrx_word' id='word_1_237' title='bbox 1527 649 1560 679; x_wconf 90' lang='lat' dir='ltr'>in</span> 
     </span>
     <span class='ocr_line' id='line_1_44' title="bbox 899 691 1562 732; baseline 0 -11"><span class='ocrx_word' id='word_1_238' title='bbox 899 691 983 721; x_wconf 81' lang='lat' dir='ltr'>urbe</span> <span class='ocrx_word' id='word_1_239' title='bbox 1012 691 1038 722; x_wconf 94' lang='lat' dir='ltr'>C</span> <span class='ocrx_word' id='word_1_240' title='bbox 1067 691 1117 730; x_wconf 90' lang='lat' dir='ltr'>iii,</span> <span class='ocrx_word' id='word_1_241' title='bbox 1149 694 1200 723; x_wconf 79' lang='lat'>83.</span> <span class='ocrx_word' id='word_1_242' title='bbox 1248 692 1385 732; x_wconf 90' lang='lat' dir='ltr'>Oppon.</span> <span class='ocrx_word' id='word_1_243' title='bbox 1413 691 1562 722; x_wconf 87' lang='lat' dir='ltr'>militari.</span> 
     </span>
     <span class='ocr_line' id='line_1_45' title="bbox 904 733 1564 772; baseline 0 -8"><span class='ocrx_word' id='word_1_244' title='bbox 904 734 1038 764; x_wconf 75' lang='lat' dir='ltr'>Urbanoe</span> <span class='ocrx_word' id='word_1_245' title='bbox 1060 734 1172 772; x_wconf 66' lang='lat' dir='ltr'>literae,</span> <span class='ocrx_word' id='word_1_246' title='bbox 1195 734 1304 764; x_wconf 86' lang='lat' dir='ltr'>Roma</span> <span class='ocrx_word' id='word_1_247' title='bbox 1331 734 1442 764; x_wconf 77' lang='lat' dir='ltr'>missae</span> <span class='ocrx_word' id='word_1_248' title='bbox 1461 733 1491 764; x_wconf 73' lang='lat' dir='ltr'>A</span> <span class='ocrx_word' id='word_1_249' title='bbox 1510 736 1564 765; x_wconf 79' lang='lat'>65.</span> 
     </span>
    </p>

    <p class='ocr_par' dir='ltr' id='par_1_24' title="bbox 861 775 1561 859">
     <span class='ocr_line' id='line_1_46' title="bbox 861 775 1561 817; baseline -0.001 -10"><span class='ocrx_word' id='word_1_250' title='bbox 861 776 957 813; x_wconf 84' lang='lat' dir='ltr'>Urus,</span> <span class='ocrx_word' id='word_1_251' title='bbox 972 777 1027 808; x_wconf 82' lang='lat' dir='ltr'>der</span> <span class='ocrx_word' id='word_1_252' title='bbox 1042 776 1131 807; x_wconf 75' lang='lat' dir='ltr'>wilde</span> <span class='ocrx_word' id='word_1_253' title='bbox 1149 777 1243 817; x_wconf 80' lang='lat' dir='ltr'>Ochs,</span> <span class='ocrx_word' id='word_1_254' title='bbox 1269 777 1323 807; x_wconf 85' lang='lat' dir='ltr'>der</span> <span class='ocrx_word' id='word_1_255' title='bbox 1338 775 1508 815; x_wconf 79' lang='lat' dir='ltr'>Auerochs,</span> <span class='ocrx_word' id='word_1_256' title='bbox 1533 777 1561 807; x_wconf 82' lang='lat' dir='ltr'>lc</span> 
     </span>
     <span class='ocr_line' id='line_1_47' title="bbox 901 818 1152 859; baseline 0.008 -11"><span class='ocrx_word' id='word_1_257' title='bbox 901 818 981 859; x_wconf 70' lang='lat' dir='ltr'>busta</span> <span class='ocrx_word' id='word_1_258' title='bbox 994 819 1026 850; x_wconf 89' lang='lat' dir='ltr'><strong>G</strong></span> <span class='ocrx_word' id='word_1_259' title='bbox 1045 819 1089 858; x_wconf 91' lang='lat' dir='ltr'>vi,</span> <span class='ocrx_word' id='word_1_260' title='bbox 1100 822 1152 850; x_wconf 82' lang='lat'>25.</span> 
     </span>
    </p>

    <p class='ocr_par' dir='ltr' id='par_1_25' title="bbox 863 860 1570 1198">
     <span class='ocr_line' id='line_1_48' title="bbox 863 860 1561 902; baseline -0.003 -10"><span class='ocrx_word' id='word_1_261' title='bbox 863 861 943 892; x_wconf 83' lang='lat' dir='ltr'>Usus</span> <span class='ocrx_word' id='word_1_262' title='bbox 958 860 1196 902; x_wconf 85' lang='lat' dir='ltr'>(exercitatio)</span> <span class='ocrx_word' id='word_1_263' title='bbox 1219 861 1253 891; x_wconf 79' lang='lat' dir='ltr'>in</span> <span class='ocrx_word' id='word_1_264' title='bbox 1277 861 1389 891; x_wconf 70' lang='lat' dir='ltr'>eastris</span> <span class='ocrx_word' id='word_1_265' title='bbox 1417 860 1448 892; x_wconf 92' lang='lat' dir='ltr'><strong>G</strong></span> <span class='ocrx_word' id='word_1_266' title='bbox 1467 860 1490 899; x_wconf 90' lang='lat' dir='ltr'>i,</span> <span class='ocrx_word' id='word_1_267' title='bbox 1508 862 1561 891; x_wconf 81' lang='lat'>39.</span> 
     </span>
     <span class='ocr_line' id='line_1_49' title="bbox 901 903 1562 943; baseline -0.002 -9"><span class='ocrx_word' id='word_1_268' title='bbox 901 913 974 934; x_wconf 71' lang='lat' dir='ltr'>usus</span> <span class='ocrx_word' id='word_1_269' title='bbox 1003 906 1061 942; x_wconf 79' lang='lat' dir='ltr'>est,</span> <span class='ocrx_word' id='word_1_270' title='bbox 1085 913 1169 943; x_wconf 90' lang='lat' dir='ltr'>opus</span> <span class='ocrx_word' id='word_1_271' title='bbox 1199 908 1251 934; x_wconf 86' lang='lat' dir='ltr'>est</span> <span class='ocrx_word' id='word_1_272' title='bbox 1274 903 1306 935; x_wconf 89' lang='lat' dir='ltr'><strong>G</strong></span> <span class='ocrx_word' id='word_1_273' title='bbox 1324 904 1369 942; x_wconf 83' lang='lat' dir='ltr'>iv,</span> <span class='ocrx_word' id='word_1_274' title='bbox 1395 906 1427 934; x_wconf 87' lang='grc'>2.</span> <span class='ocrx_word' id='word_1_275' title='bbox 1451 903 1496 943; x_wconf 86' lang='lat' dir='ltr'>vi,</span> <span class='ocrx_word' id='word_1_276' title='bbox 1511 906 1562 934; x_wconf 89' lang='lat'>15.</span> 
     </span>
     <span class='ocr_line' id='line_1_50' title="bbox 902 945 1564 986; baseline 0.002 -11"><span class='ocrx_word' id='word_1_277' title='bbox 902 945 972 976; x_wconf 74' lang='lat' dir='ltr'>usui</span> <span class='ocrx_word' id='word_1_278' title='bbox 987 949 1046 984; x_wconf 84' lang='lat' dir='ltr'>est,</span> <span class='ocrx_word' id='word_1_279' title='bbox 1074 955 1159 986; x_wconf 89' lang='lat' dir='ltr'>opus</span> <span class='ocrx_word' id='word_1_280' title='bbox 1176 950 1229 976; x_wconf 86' lang='lat' dir='ltr'>est</span> <span class='ocrx_word' id='word_1_281' title='bbox 1253 945 1286 977; x_wconf 92' lang='lat' dir='ltr'><strong>G</strong></span> <span class='ocrx_word' id='word_1_282' title='bbox 1300 955 1333 984; x_wconf 89' lang='lat' dir='ltr'>v,</span> <span class='ocrx_word' id='word_1_283' title='bbox 1352 948 1380 976; x_wconf 94' lang='lat' dir='ltr'>l.</span> <span class='ocrx_word' id='word_1_284' title='bbox 1427 955 1500 976; x_wconf 62' lang='lat' dir='ltr'>usus</span> <span class='ocrx_word' id='word_1_285' title='bbox 1516 955 1564 976; x_wconf 74' lang='lat' dir='ltr'>ve-</span> 
     </span>
     <span class='ocr_line' id='line_1_51' title="bbox 902 987 1568 1029; baseline 0.002 -12"><span class='ocrx_word' id='word_1_286' title='bbox 902 989 964 1027; x_wconf 82' lang='lat' dir='ltr'>nit,</span> <span class='ocrx_word' id='word_1_287' title='bbox 978 988 1100 1029; x_wconf 86' lang='lat' dir='ltr'>incipit</span> <span class='ocrx_word' id='word_1_288' title='bbox 1115 998 1198 1029; x_wconf 87' lang='lat' dir='ltr'>opus</span> <span class='ocrx_word' id='word_1_289' title='bbox 1215 997 1287 1019; x_wconf 86' lang='lat' dir='ltr'>esse</span> <span class='ocrx_word' id='word_1_290' title='bbox 1305 988 1336 1019; x_wconf 92' lang='lat' dir='ltr'><strong>G</strong></span> <span class='ocrx_word' id='word_1_291' title='bbox 1354 987 1473 1025; x_wconf 84' lang='lat' dir='ltr'>vii,80.</span> <span class='ocrx_word' id='word_1_292' title='bbox 1495 996 1568 1018; x_wconf 74' lang='lat' dir='ltr'>usus</span> 
     </span>
     <span class='ocr_line' id='line_1_52' title="bbox 904 1030 1566 1071; baseline -0.002 -10"><span class='ocrx_word' id='word_1_293' title='bbox 904 1032 1005 1071; x_wconf 77' lang='lat' dir='ltr'>adest,</span> <span class='ocrx_word' id='word_1_294' title='bbox 1034 1031 1216 1062; x_wconf 79' lang='lat' dir='ltr'>necessitas</span> <span class='ocrx_word' id='word_1_295' title='bbox 1242 1030 1365 1062; x_wconf 87' lang='lat' dir='ltr'>incidit</span> <span class='ocrx_word' id='word_1_296' title='bbox 1394 1030 1422 1061; x_wconf 93' lang='lat' dir='ltr'>C</span> <span class='ocrx_word' id='word_1_297' title='bbox 1437 1030 1486 1070; x_wconf 88' lang='lat' dir='ltr'>iii,</span> <span class='ocrx_word' id='word_1_298' title='bbox 1513 1032 1566 1062; x_wconf 80' lang='lat'>84.</span> 
     </span>
     <span class='ocr_line' id='line_1_53' title="bbox 904 1072 1568 1113; baseline -0.003 -9"><span class='ocrx_word' id='word_1_299' title='bbox 904 1083 962 1104; x_wconf 81' lang='lat' dir='ltr'>usu</span> <span class='ocrx_word' id='word_1_300' title='bbox 982 1074 1100 1113; x_wconf 77' lang='lat' dir='ltr'>venire,</span> <span class='ocrx_word' id='word_1_301' title='bbox 1128 1073 1266 1105; x_wconf 82' lang='lat' dir='ltr'>evenire</span> <span class='ocrx_word' id='word_1_302' title='bbox 1283 1073 1315 1104; x_wconf 92' lang='lat' dir='ltr'><strong>G</strong></span> <span class='ocrx_word' id='word_1_303' title='bbox 1333 1072 1390 1112; x_wconf 85' lang='lat' dir='ltr'>vii,</span> <span class='ocrx_word' id='word_1_304' title='bbox 1405 1074 1435 1103; x_wconf 86' lang='grc'>8.</span> <span class='ocrx_word' id='word_1_305' title='bbox 1481 1081 1568 1103; x_wconf 73' lang='lat' dir='ltr'>usum</span> 
     </span>
     <span class='ocr_line' id='line_1_54' title="bbox 905 1114 1570 1157; baseline 0.002 -12"><span class='ocrx_word' id='word_1_306' title='bbox 905 1116 1187 1157; x_wconf 71' lang='lat' dir='ltr'>(experientiam)</span> <span class='ocrx_word' id='word_1_307' title='bbox 1194 1116 1346 1157; x_wconf 77' lang='lat' dir='ltr'>percepit,</span> <span class='ocrx_word' id='word_1_308' title='bbox 1356 1114 1503 1156; x_wconf 85' lang='lat' dir='ltr'>adeptus</span> <span class='ocrx_word' id='word_1_309' title='bbox 1515 1119 1570 1146; x_wconf 77' lang='lat' dir='ltr'>est</span> 
     </span>
     <span class='ocr_line' id='line_1_55' title="bbox 908 1159 1241 1198; baseline 0 -9"><span class='ocrx_word' id='word_1_310' title='bbox 908 1159 939 1189; x_wconf 87' lang='lat' dir='ltr'><strong>G</strong></span> <span class='ocrx_word' id='word_1_311' title='bbox 957 1159 1000 1198; x_wconf 91' lang='lat' dir='ltr'>vi,</span> <span class='ocrx_word' id='word_1_312' title='bbox 1017 1162 1058 1190; x_wconf 84' lang='grc'>40</span> <span class='ocrx_word' id='word_1_313' title='bbox 1083 1159 1110 1190; x_wconf 95' lang='lat' dir='ltr'>C</span> <span class='ocrx_word' id='word_1_314' title='bbox 1126 1159 1174 1198; x_wconf 86' lang='lat' dir='ltr'>iii,</span> <span class='ocrx_word' id='word_1_315' title='bbox 1189 1161 1241 1190; x_wconf 78' lang='grc'>84.</span> 
     </span>
    </p>

    <p class='ocr_par' dir='ltr' id='par_1_26' title="bbox 869 1200 1570 1283">
     <span class='ocr_line' id='line_1_56' title="bbox 869 1200 1570 1243; baseline -0.003 -12"><span class='ocrx_word' id='word_1_316' title='bbox 869 1201 925 1240; x_wconf 87' lang='lat' dir='ltr'>Ut,</span> <span class='ocrx_word' id='word_1_317' title='bbox 938 1201 997 1241; x_wconf 82' lang='lat' dir='ltr'>uti,</span> <span class='ocrx_word' id='word_1_318' title='bbox 1013 1201 1212 1243; x_wconf 85' lang='lat' dir='ltr'>frequenter</span> <span class='ocrx_word' id='word_1_319' title='bbox 1224 1200 1394 1232; x_wconf 81' lang='lat' dir='ltr'>omittitur</span> <span class='ocrx_word' id='word_1_320' title='bbox 1410 1200 1442 1232; x_wconf 93' lang='lat' dir='ltr'><strong>G</strong></span> <span class='ocrx_word' id='word_1_321' title='bbox 1461 1200 1506 1239; x_wconf 91' lang='lat' dir='ltr'>iv,</span> <span class='ocrx_word' id='word_1_322' title='bbox 1519 1202 1570 1238; x_wconf 81' lang='lat'>16,</span> 
     </span>
     <span class='ocr_line' id='line_1_57' title="bbox 907 1241 1555 1283; baseline -0.002 -9"><span class='ocrx_word' id='word_1_323' title='bbox 907 1246 960 1275; x_wconf 86' lang='grc'>21.</span> <span class='ocrx_word' id='word_1_324' title='bbox 983 1254 1017 1283; x_wconf 83' lang='grc' dir='ltr'>ν,</span> <span class='ocrx_word' id='word_1_325' title='bbox 1033 1247 1087 1275; x_wconf 88' lang='lat'>58.</span> <span class='ocrx_word' id='word_1_326' title='bbox 1112 1245 1170 1283; x_wconf 89' lang='lat' dir='ltr'>vii,</span> <span class='ocrx_word' id='word_1_327' title='bbox 1185 1246 1237 1275; x_wconf 85' lang='lat'>63.</span> <span class='ocrx_word' id='word_1_328' title='bbox 1261 1243 1333 1283; x_wconf 85' lang='lat' dir='ltr'>viii,</span> <span class='ocrx_word' id='word_1_329' title='bbox 1349 1244 1391 1274; x_wconf 82' lang='lat'>20</span> <span class='ocrx_word' id='word_1_330' title='bbox 1428 1241 1485 1273; x_wconf 86' lang='lat' dir='ltr'>Af.</span> <span class='ocrx_word' id='word_1_331' title='bbox 1503 1245 1555 1273; x_wconf 85' lang='lat'>59.</span> 
     </span>
    </p>

    <p class='ocr_par' dir='ltr' id='par_1_27' title="bbox 868 1283 1572 1454">
     <span class='ocr_line' id='line_1_58' title="bbox 868 1283 1572 1327; baseline -0.003 -10"><span class='ocrx_word' id='word_1_332' title='bbox 868 1286 1005 1327; x_wconf 78' lang='lat' dir='ltr'>Uterque</span> <span class='ocrx_word' id='word_1_333' title='bbox 1019 1287 1145 1327; x_wconf 80' lang='lat' dir='ltr'>utrique</span> <span class='ocrx_word' id='word_1_334' title='bbox 1160 1286 1329 1317; x_wconf 81' lang='lat' dir='ltr'>insidiatur</span> <span class='ocrx_word' id='word_1_335' title='bbox 1351 1283 1384 1317; x_wconf 83' lang='lat' dir='ltr'>A</span> <span class='ocrx_word' id='word_1_336' title='bbox 1400 1287 1432 1316; x_wconf 85' lang='grc'>4.</span> <span class='ocrx_word' id='word_1_337' title='bbox 1481 1284 1572 1315; x_wconf 74' lang='lat' dir='ltr'>Uter-</span> 
     </span>
     <span class='ocr_line' id='line_1_59' title="bbox 907 1326 1571 1370; baseline -0.003 -11"><span class='ocrx_word' id='word_1_338' title='bbox 907 1339 964 1369; x_wconf 84' lang='lat' dir='ltr'>que</span> <span class='ocrx_word' id='word_1_339' title='bbox 980 1329 1068 1370; x_wconf 88' lang='lat' dir='ltr'>plur.</span> <span class='ocrx_word' id='word_1_340' title='bbox 1080 1338 1220 1360; x_wconf 85' lang='lat' dir='ltr'>numero</span> <span class='ocrx_word' id='word_1_341' title='bbox 1244 1328 1287 1359; x_wconf 90' lang='lat' dir='ltr'>de</span> <span class='ocrx_word' id='word_1_342' title='bbox 1303 1326 1435 1358; x_wconf 89' lang='lat' dir='ltr'>duabus</span> <span class='ocrx_word' id='word_1_343' title='bbox 1453 1327 1571 1358; x_wconf 88' lang='lat' dir='ltr'>mulie-</span> 
     </span>
     <span class='ocr_line' id='line_1_60' title="bbox 909 1368 1571 1412; baseline -0.003 -10"><span class='ocrx_word' id='word_1_344' title='bbox 909 1371 1015 1409; x_wconf 89' lang='lat' dir='ltr'>ribus,</span> <span class='ocrx_word' id='word_1_345' title='bbox 1038 1375 1175 1412; x_wconf 81' lang='lat' dir='ltr'>utraeque</span> <span class='ocrx_word' id='word_1_346' title='bbox 1198 1371 1351 1409; x_wconf 80' lang='lat' dir='ltr'>mulieres,</span> <span class='ocrx_word' id='word_1_347' title='bbox 1368 1370 1391 1401; x_wconf 89' lang='lat' dir='ltr'>i.</span> <span class='ocrx_word' id='word_1_348' title='bbox 1407 1379 1437 1401; x_wconf 85' lang='lat' dir='ltr'>e.</span> <span class='ocrx_word' id='word_1_349' title='bbox 1461 1368 1571 1401; x_wconf 83' lang='lat' dir='ltr'>ambae</span> 
     </span>
     <span class='ocr_line' id='line_1_61' title="bbox 910 1413 1050 1454; baseline 0.014 -9"><span class='ocrx_word' id='word_1_350' title='bbox 910 1413 942 1445; x_wconf 94' lang='lat' dir='ltr'><strong>G</strong></span> <span class='ocrx_word' id='word_1_351' title='bbox 959 1414 981 1454; x_wconf 93' lang='lat' dir='ltr'>i,</span> <span class='ocrx_word' id='word_1_352' title='bbox 997 1417 1050 1447; x_wconf 83' lang='grc'>53.</span> 
     </span>
    </p>

    <p class='ocr_par' dir='ltr' id='par_1_28' title="bbox 873 1453 1574 1622">
     <span class='ocr_line' id='line_1_62' title="bbox 873 1453 1572 1496; baseline -0.006 -9"><span class='ocrx_word' id='word_1_353' title='bbox 873 1456 929 1487; x_wconf 79' lang='lat' dir='ltr'>Uti</span> <span class='ocrx_word' id='word_1_354' title='bbox 949 1467 1036 1496; x_wconf 83' lang='lat' dir='ltr'>pace,</span> <span class='ocrx_word' id='word_1_355' title='bbox 1057 1466 1098 1487; x_wconf 88' lang='lat' dir='ltr'>ea</span> <span class='ocrx_word' id='word_1_356' title='bbox 1126 1455 1193 1486; x_wconf 87' lang='lat' dir='ltr'>frui</span> <span class='ocrx_word' id='word_1_357' title='bbox 1221 1458 1390 1495; x_wconf 88' lang='lat' dir='ltr'>perpetua</span> <span class='ocrx_word' id='word_1_358' title='bbox 1415 1453 1444 1485; x_wconf 91' lang='lat' dir='ltr'><strong>G</strong></span> <span class='ocrx_word' id='word_1_359' title='bbox 1471 1453 1493 1492; x_wconf 83' lang='lat' dir='ltr'>i,</span> <span class='ocrx_word' id='word_1_360' title='bbox 1519 1455 1572 1484; x_wconf 72' lang='lat'>44.</span> 
     </span>
     <span class='ocr_line' id='line_1_63' title="bbox 910 1496 1574 1538; baseline -0.006 -9"><span class='ocrx_word' id='word_1_361' title='bbox 910 1499 959 1529; x_wconf 78' lang='lat' dir='ltr'>uli</span> <span class='ocrx_word' id='word_1_362' title='bbox 974 1499 1038 1529; x_wconf 76' lang='lat' dir='ltr'>suis</span> <span class='ocrx_word' id='word_1_363' title='bbox 1051 1499 1169 1538; x_wconf 76' lang='lat' dir='ltr'>legibus</span> <span class='ocrx_word' id='word_1_364' title='bbox 1184 1498 1226 1528; x_wconf 83' lang='lat' dir='ltr'>de</span> <span class='ocrx_word' id='word_1_365' title='bbox 1241 1507 1294 1537; x_wconf 89' lang='lat' dir='ltr'>eo,</span> <span class='ocrx_word' id='word_1_366' title='bbox 1308 1497 1362 1527; x_wconf 92' lang='lat' dir='ltr'>cui</span> <span class='ocrx_word' id='word_1_367' title='bbox 1376 1496 1487 1526; x_wconf 90' lang='lat' dir='ltr'>victor</span> <span class='ocrx_word' id='word_1_368' title='bbox 1502 1496 1574 1525; x_wconf 88' lang='lat' dir='ltr'>nnl-</span> 
     </span>
     <span class='ocr_line' id='line_1_64' title="bbox 912 1536 1571 1582; baseline -0.005 -11"><span class='ocrx_word' id='word_1_369' title='bbox 912 1541 962 1571; x_wconf 90' lang='lat' dir='ltr'>las</span> <span class='ocrx_word' id='word_1_370' title='bbox 979 1541 1125 1582; x_wconf 86' lang='lat' dir='ltr'>imponit</span> <span class='ocrx_word' id='word_1_371' title='bbox 1141 1541 1246 1581; x_wconf 85' lang='lat' dir='ltr'>leges,</span> <span class='ocrx_word' id='word_1_372' title='bbox 1270 1537 1438 1577; x_wconf 79' lang='grc' dir='ltr'>αὐτόνομον</span> <span class='ocrx_word' id='word_1_373' title='bbox 1453 1536 1528 1569; x_wconf 79' lang='grc' dir='ltr'>εἶναι</span> <span class='ocrx_word' id='word_1_374' title='bbox 1542 1537 1571 1569; x_wconf 94' lang='lat' dir='ltr'><strong>G</strong></span> 
     </span>
     <span class='ocr_line' id='line_1_65' title="bbox 913 1582 1005 1622; baseline 0.022 -9"><span class='ocrx_word' id='word_1_375' title='bbox 913 1582 938 1622; x_wconf 84' lang='lat' dir='ltr'>i,</span> <span class='ocrx_word' id='word_1_376' title='bbox 952 1586 1005 1615; x_wconf 83' lang='grc'>45.</span> 
     </span>
    </p>

    <p class='ocr_par' dir='ltr' id='par_1_29' title="bbox 876 1622 1575 1666">
     <span class='ocr_line' id='line_1_66' title="bbox 876 1622 1575 1666; baseline -0.007 -9"><span class='ocrx_word' id='word_1_377' title='bbox 876 1626 989 1666; x_wconf 82' lang='lat' dir='ltr'>Vulgo,</span> <span class='ocrx_word' id='word_1_378' title='bbox 1004 1625 1046 1657; x_wconf 84' lang='lat' dir='ltr'>ab</span> <span class='ocrx_word' id='word_1_379' title='bbox 1063 1624 1219 1657; x_wconf 88' lang='lat' dir='ltr'>omnibus</span> <span class='ocrx_word' id='word_1_380' title='bbox 1236 1629 1272 1656; x_wconf 91' lang='lat' dir='ltr'>et</span> <span class='ocrx_word' id='word_1_381' title='bbox 1286 1623 1412 1665; x_wconf 89' lang='lat' dir='ltr'>ubique</span> <span class='ocrx_word' id='word_1_382' title='bbox 1440 1622 1472 1653; x_wconf 92' lang='lat' dir='ltr'><strong>G</strong></span> <span class='ocrx_word' id='word_1_383' title='bbox 1486 1623 1508 1662; x_wconf 90' lang='lat' dir='ltr'>i,</span> <span class='ocrx_word' id='word_1_384' title='bbox 1524 1625 1575 1654; x_wconf 84' lang='lat'>3⁹.</span> 
     </span>
    </p>

    <p class='ocr_par' dir='ltr' id='par_1_30' title="bbox 875 1664 1576 1785">
     <span class='ocr_line' id='line_1_67' title="bbox 875 1664 1576 1709; baseline -0.009 -9"><span class='ocrx_word' id='word_1_385' title='bbox 875 1669 992 1700; x_wconf 74' lang='lat' dir='ltr'>Vulnus</span> <span class='ocrx_word' id='word_1_386' title='bbox 1004 1668 1123 1707; x_wconf 83' lang='lat' dir='ltr'>inferre</span> <span class='ocrx_word' id='word_1_387' title='bbox 1138 1668 1171 1700; x_wconf 90' lang='lat' dir='ltr'><strong>G</strong></span> <span class='ocrx_word' id='word_1_388' title='bbox 1188 1669 1210 1709; x_wconf 89' lang='lat' dir='ltr'>i,</span> <span class='ocrx_word' id='word_1_389' title='bbox 1227 1670 1280 1699; x_wconf 86' lang='lat'>50.</span> <span class='ocrx_word' id='word_1_390' title='bbox 1326 1672 1365 1698; x_wconf 89' lang='lat' dir='ltr'>ut</span> <span class='ocrx_word' id='word_1_391' title='bbox 1381 1666 1505 1706; x_wconf 85' lang='lat' dir='ltr'>Veget.</span> <span class='ocrx_word' id='word_1_392' title='bbox 1533 1664 1576 1695; x_wconf 80' lang='lat' dir='ltr'>de</span> 
     </span>
     <span class='ocr_line' id='line_1_68' title="bbox 914 1708 1574 1751; baseline -0.006 -9"><span class='ocrx_word' id='word_1_393' title='bbox 914 1720 952 1742; x_wconf 88' lang='lat' dir='ltr'>re</span> <span class='ocrx_word' id='word_1_394' title='bbox 983 1711 1054 1743; x_wconf 87' lang='lat' dir='ltr'>mil.</span> <span class='ocrx_word' id='word_1_395' title='bbox 1085 1711 1110 1751; x_wconf 88' lang='lat' dir='ltr'>i,</span> <span class='ocrx_word' id='word_1_396' title='bbox 1134 1713 1186 1743; x_wconf 88' lang='grc'>16.</span> <span class='ocrx_word' id='word_1_397' title='bbox 1231 1710 1352 1741; x_wconf 89' lang='lat' dir='ltr'>vulnus</span> <span class='ocrx_word' id='word_1_398' title='bbox 1388 1708 1574 1749; x_wconf 84' lang='lat' dir='ltr'>importare</span> 
     </span>
     <span class='ocr_line' id='line_1_69' title="bbox 916 1753 1026 1785; baseline 0.018 -2"><span class='ocrx_word' id='word_1_399' title='bbox 916 1753 1026 1785; x_wconf 85' lang='lat' dir='ltr'>alicui.</span> 
     </span>
    </p>
   </div>
  </div>
 </body>
</html>
