1872 3104
728 196 769 225 C.
801 195 838 226 J.
869 195 1086 225 cAEsAnis
1121 195 1252 225 vl'i'A.

830 352 866 394 C
880 353 922 394 A
936 353 988 395 P.
1029 354 1149 397 XII.

261 441 358 472 Bello
371 445 406 472 et
419 449 502 482 pace
517 441 550 471 in
567 440 743 482 provincia
763 441 875 472 clarus
898 441 1036 473 Romam
1062 442 1152 473 redit
1169 443 1297 482 Coesar,
1318 442 1411 474 dives
1429 441 1538 474 factus
1556 447 1591 474 et
1607 443 1717 484 Impe-

830 499 924 526 rator
939 495 1144 536 appellatus.

313 569 389 612 Τῆς
417 576 510 615 γοῦν
538 568 701 617 Ἰβηρίας
733 569 878 618 ἐπιβὰς,
901 570 1002 608 chous
1034 570 1079 615 ἦν
1110 571 1271 620 ἐνεργὸς,
1300 573 1383 608 ὥσθ’
1403 572 1552 620 ἡμέραις
1573 572 1718 619 ὀλίγαις

286 637 350 670 έκα
372 636 524 679 σπείρας
543 638 779 680 συναγαγεῖν
805 633 890 682 πρὸς
918 639 996 671 ταῖς
1026 637 1202 684 πρότερον
1226 635 1352 671 οὔσαις
1373 635 1501 671 ε’ίκοσι·
1531 636 1589 670 καὶ
1613 650 1720 681 στρα-

261 699 390 732 τεύσας
409 696 469 732 ἐπὶ
488 695 726 732 Καλλαῖκούς
745 698 804 732 καὶ
817 695 1107 741 Λουσιτανοὺς,ι
1132 704 1322 746 κρατῆσαι,
1339 699 1398 734 καὶ
1417 699 1612 745 προελθεῖν
1632 698 1719 748 ἄχρι

262 768 323 803 τῆς
353 760 418 803 ἔξω
439 759 642 804 θαλάσσης,
674 759 718 795 τὰ
749 761 800 808 μὴ
830 760 1005 808 πρότερον
1022 761 1257 797 ὑπακούοντα
1273 760 1468 810 Ῥωμαίοις
1488 762 1577 805 ἔθνη
1610 776 1721 797 κατα-

266 824 521 873 στρεφόμενος.
575 822 740 873 Θέμενος
770 821 809 860 δὲ
837 825 883 860 τὰ
909 828 972 860 τοῦ
992 825 1157 873 πολέμου
1178 827 1307 868 καλῶς,
1328 826 1369 860 οὐ
1387 829 1515 875 χεῖρον
1535 822 1722 872 ἐβράβευε

265 888 310 923 τὰ
331 895 392 931 τῆς
410 888 563 934 εἰρήνης,
585 887 762 937 ὁμόνοιάν
780 902 819 924 τε
839 892 916 924 ταῖς
936 888 1069 923 πόλεσι
1098 889 1280 930 καθιστὰς,
1309 889 1367 923 καὶ
1386 889 1551 936 μάλιστα
1570 889 1633 925 τὰς
1651 894 1723 925 τῶν

263 630 281 667 δ

263 952 543 1001 χρεωφειλετῶν
563 952 620 986 καὶ
640 949 845 987 δανειστῶν
866 951 1018 1000 ἰώμενος
1038 948 1225 1001 διαφοράς.
1272 950 1407 996 '‘Ei-age
1427 952 1499 1000 γὰρ
1518 957 1590 987 τῶν
1613 965 1725 998 προσ-

264 1017 396 1051 ιόντων
414 1019 488 1051 τοῖς
506 1015 695 1065 ὀφείλουσι
712 1016 789 1051 καθ’
804 1015 960 1052 ἕκαστον
980 1014 1150 1051 ἐνιαυτὸν
1169 1013 1232 1051 δύο
1251 1015 1322 1065 μὲν
1335 1019 1429 1066 μέρη
1447 1015 1511 1052 τὸν
1526 1013 1725 1060 δανειστὴν

263 1079 513 1126 ἀναιρεῖσθαι,
531 1082 579 1129 τῷ
599 1077 640 1115 δὲ
657 1081 773 1130 λοιπῷ
794 1080 956 1129 χρῆσθαι
975 1078 1039 1116 τὸν
1058 1077 1254 1124 δεσπότην,
1272 1080 1377 1129 ἄχρις
1397 1080 1444 1116 ἂν
1464 1080 1572 1116 οὕτως
1592 1079 1726 1132 ἐκλυθῇ

264 1141 305 1178 τὸ
327 1141 489 1179 δάνειον.
532 1143 614 1179 Ἐπὶ
634 1142 771 1180 τούτοις
790 1141 1001 1193 εὐδοκιμῶν,
1023 1142 1257 1190 ἀπηλλάγη2
1275 1152 1336 1188 τῆς
1351 1143 1545 1193 ἐπαρχίας,
1561 1144 1666 1180 αὐτὸς
1686 1158 1726 1180 τε

264 1205 437 1243 πλούσιος
457 1209 636 1254 γεγονὼς,
659 1208 717 1244 καὶ
737 1205 818 1244 τοὺς
839 1208 1059 1256 στρατιώτας
1084 1209 1276 1258 ὠφεληκὼς
1297 1207 1370 1244 ἀπὸ
1392 1214 1464 1244 τῶν
1482 1213 1725 1257 στρατηγιῶν,

267 1271 326 1306 καὶ
345 1274 689 1321 προσηγορευμένος
706 1273 934 1321 αὺτοκράτωρ
948 1270 961 1291 ³
985 1272 1040 1307 ὑπ’
1061 1272 1194 1307 αὐτῶν.

823 1429 860 1470 C
875 1428 917 1471 A
932 1430 984 1471 P.
1027 1428 1172 1470 XIII.

268 1523 400 1555 Catone
417 1523 556 1564 Caesari,
572 1533 614 1555 ne
628 1524 748 1556 absens
763 1534 824 1564 per
840 1523 965 1554 amicos
982 1523 1200 1555 Consulatum
1214 1527 1360 1563 peteret,
1382 1523 1598 1564 adversante,
1611 1523 1728 1555 trium-

310 1577 414 1617 phum
431 1578 591 1609 omittens
606 1578 724 1609 urbem
741 1579 861 1618 intrat,
876 1578 1032 1609 Crassum
1054 1586 1131 1608 cum
1154 1576 1320 1617 Pompeio
1345 1577 1518 1618 conciliat,
1545 1581 1727 1619 utrumque

311 1630 385 1662 sibi.

325 1716 428 1753 Ἐπεὶ
450 1716 491 1753 δὲ
511 1717 593 1754 τοὺς
610 1718 680 1767 μὲν
700 1720 914 1767 μνωμένους
931 1715 1116 1767 θρίαμβον
1137 1717 1202 1761 ἔξω
1232 1714 1438 1764 διατρίβειν
1468 1713 1559 1761 ἔδει,
1588 1714 1668 1753 τούς
1690 1714 1731 1752 δὲ

268 1782 462 1830 μετιόντας
480 1781 663 1819 ὑπατείαν
683 1782 869 1831 παρόντας
889 1782 930 1818 ἐν
950 1784 995 1833 τῇ
1014 1783 1122 1817 πόλει
1156 1784 1260 1817 τοῦτο
1290 1779 1475 1829 πράττειν,
1511 1781 1552 1816 ἐν
1581 1780 1730 1832 τοιαύτῃ

927 1876 1068 1910 NOTAE

268 1948 333 1969 vox
350 1939 383 1969 in
402 1939 599 1980 quibusdam
627 1942 735 1973 Codd.
762 1952 823 1981 pro
845 1942 903 1979 ἤδη
922 1952 971 1973 re-

271 1989 413 2029 peritur.
461 1990 588 2029 Caesar,
614 2001 690 2021 cum
715 1996 843 2031 praetor
880 1997 972 2023 esset

270 2039 302 2069 in
332 2038 511 2080 Hispania,
525 2050 647 2071 annum
676 2042 885 2082 trigesimum
915 2052 972 2073 no-

269 2098 348 2119 num
370 2090 508 2131 agebat,
524 2090 722 2123 Alexander
742 2097 855 2124 autem
871 2093 973 2133 trige-

267 2140 387 2171 simum
413 2142 552 2172 tertium
579 2152 683 2184 agens
707 2149 858 2174 mortuus
884 2149 971 2175 erat.

271 2191 411 2222 Rectius
437 2191 543 2232 igitur
562 2193 742 2224 Suetonius
758 2203 787 2225 c.
805 2197 834 2224 7.
852 2194 971 2225 eadem

270 2240 313 2271 de
330 2241 465 2273 Caesare
490 2242 521 2272 in
540 2243 704 2283 Hispania
723 2245 784 2275 ult.
801 2250 971 2286 quaestore

269 2296 398 2331 narrat,
415 2293 484 2331 ubi,
497 2303 573 2324 cnm
594 2294 710 2325 Gades
727 2296 887 2333 venisset,
903 2295 972 2325 ani-

270 2342 449 2374 madversa
487 2344 577 2383 apud
615 2345 775 2376 Herculis
809 2346 972 2385 templum

270 2392 390 2433 Magni
406 2393 591 2425 Alexandri
618 2395 775 2437 imagine,
796 2396 974 2437 ingemuit,

271 2447 308 2474 et
336 2444 428 2484 qnasi
465 2449 629 2483 pertaesus
665 2446 828 2486 ignaviam
868 2456 974 2485 snam,

272 2493 362 2534 qnod
389 2494 552 2525 nihildum
581 2506 600 2526 a
627 2505 662 2526 se
688 2496 906 2527 memorabile
923 2506 975 2527 ac-

272 2548 342 2574 tnm
371 2550 462 2576 esset
485 2545 517 2576 in
545 2552 661 2585 aetatc,
688 2557 754 2588 qua
777 2548 848 2588 jam
876 2547 974 2578 Alex.

273 2594 389 2625 orbem
408 2601 574 2626 terrarum
593 2597 796 2638 subegisset,
809 2598 854 2638 (h.
872 2607 901 2629 e.
919 2607 975 2628 an-

274 2651 316 2671 no
345 2645 456 2676 :rtatis
484 2648 537 2677 33.
563 2656 593 2677 a.
609 2647 688 2678 Chr.
712 2657 745 2678 n.
761 2647 832 2689 67.)
848 2648 976 2680 missio-

274 2700 350 2721 nem
376 2695 538 2726 contiuuo
564 2696 859 2737 efflagitavit,etc.
896 2699 977 2729 Sne-

220 2784 226 2790 ·
275 2743 367 2773 tonio
383 2747 553 2777 consentit
566 2747 632 2777 Dio
649 2748 740 2778 Cass.
757 2749 778 2779 l.
795 2757 938 2779 xxxvii.

1071 1944 1087 1971 l
1114 1944 1218 1971 Καλλ.
1237 1938 1286 1970 καὶ
1302 1939 1443 1978 Λουσιτ.]
1467 1938 1583 1969 Intell.
1607 1938 1731 1969 Callai-

1027 2000 1085 2021 eos
1099 1991 1327 2020 Bracarenses
1345 1990 1437 2020 circa
1453 1989 1607 2019 Minium.
1637 1989 1733 2020 Lusi-

1027 2045 1181 2071 tanorum
1198 2041 1294 2072 sedes
1311 2045 1408 2071 erant
1432 2041 1519 2071 inter
1536 2041 1678 2072 Durium
1696 2046 1733 2072 et

1025 2091 1153 2132 Tajum‚
1168 2100 1308 2131 quornm
1323 2091 1532 2131 potissimum
1547 2091 1734 2123 latrociniis

1027 2141 1204 2182 provincia
1217 2140 1455 2172 infestabatur.

1068 2195 1088 2222 2
1110 2191 1313 2232 Ἀπηλλάγη]
1346 2192 1423 2224 Non
1450 2198 1632 2233 expectato
1660 2203 1733 2224 suc-

1027 2251 1175 2272 cessore-

1070 2296 1088 2323 3
1107 2292 1324 2335 Αὐτοκράτωρ]
1333 2293 1422 2324 Ἐστι
1435 2292 1467 2324 δὲ
1482 2293 1555 2332 τιμὴ
1566 2295 1630 2325 τοῖς
1642 2304 1734 2334 στρα-

1026 2345 1136 2383 τηγοῖς
1161 2343 1232 2375 τόδε
1255 2344 1293 2374 τὸ
1309 2342 1545 2384 προσαγόρευμα
1566 2344 1649 2385 παρὰ
1671 2346 1733 2374 τῶν

1028 2396 1179 2434 στρατῶν,
1191 2393 1326 2434 καθάπερ
1338 2395 1440 2425 αὐτοῖς
1453 2393 1734 2435 ἐπιμαρτυρούντων

1028 2445 1114 2484 ἀξίως
1126 2447 1212 2484 σφῶν
1225 2445 1448 2486 αὐτοκράτορας
1459 2444 1543 2477 εἶναι.
1568 2445 1628 2477 Καὶ
1641 2445 1732 2482 τήνδε

1028 2495 1086 2532 τὴν
1112 2496 1203 2534 τιμὴν
1231 2497 1259 2526 οἱ
1281 2496 1451 2535 στρατηγοὶ
1477 2495 1574 2527 πάλαι
1596 2494 1654 2533 μὲν
1683 2496 1733 2526 ἐπὶ

1029 2549 1105 2578 πᾶσι
1119 2550 1185 2579 τοῖς
1195 2547 1356 2587 μεγίστοις
1371 2547 1473 2589 ἔργοις
1491 2546 1664 2587 προσίεντο,
1681 2548 1734 2577 νῦν

1029 2597 1062 2629 δὲ
1075 2598 1143 2639 ὅρον
1156 2597 1230 2629 εἶναι
1252 2601 1326 2640 τῇδε
1345 2601 1384 2640 τῇ
1400 2597 1529 2638 εὐφημίᾳ
1545 2597 1732 2637 πυνθάνομαι

1029 2648 1066 2680 τὸ
1080 2648 1203 2691 μυρίους
1218 2651 1329 2681 πεσεῖν.
1359 2649 1508 2690 Appian.
1526 2648 1569 2680 de
1584 2649 1662 2681 bell.
1679 2649 1732 2681 Ci‹

1030 2700 1087 2730 vil.
1101 2709 1142 2731 u.
1155 2702 1207 2731 44.
