1872 3104
296 206 409 250 ‘2004

373 312 413 344 In
429 311 597 353 Metropoli
615 311 779 344 Viennensi
795 312 920 352 Episco-

531 367 625 404 patus
641 363 756 394 unicus.

337 413 507 445 XXVIII.
568 413 766 444 vivariensis.
838 413 993 445 Castrum

293 464 434 497 vivario
463 465 673 503 Albensium,
701 466 754 496 vel
787 466 992 496 Elvensium.

297 515 430 547 Viviers.
480 514 582 554 Apud
621 515 792 545 Caesarem
830 516 992 546 hactenus

293 574 410 596 omnes
437 564 655 604 interpretati
685 569 762 594 sunt
781 564 993 604 Albngenses.

294 614 343 645 At
366 613 568 653 Albigenses
594 618 671 643 sunt
695 614 726 643 in
743 614 924 654 Aquitania
951 615 991 645 ad

291 662 417 694 flumen
442 663 593 693 Tarnim.
641 663 828 702 Albienscs,
859 665 911 694 vel
939 665 993 695 El-

292 713 426 744 vienses
452 713 492 743 ad
528 713 718 743 Rodanum.
787 713 828 743 In
860 714 994 752 Notjtia

292 761 552 793 provinciarum
585 762 706 793 Gallia»
730 762 789 792 sub
821 763 995 802 provincia

291 811 478 843 Viennensi
521 814 626 853 prima
660 813 781 842 Civitas
806 813 997 851 Albensium)

292 862 348 893 hoc
363 866 422 902 est,
439 863 568 894 Bolis-io.
599 863 788 893 Ridiculum
806 867 869 893 est.
907 864 993 894 Nam

293 912 414 953 scripti
446 913 523 943 libri
556 912 692 951 liabent,
732 912 853 942 Civitas
881 912 994 942 Alben-

290 962 383 1002 sium,
405 972 483 993 nunc
504 963 636 993 Virario.
684 963 798 993 Caesar
819 962 993 1003 profectu-

292 1022 350 1043 rus
378 1013 410 1043 in
435 1013 564 1044 Gallias
583 1022 642 1053 per
657 1012 821 1043 Albenses
838 1013 994 1043 transivit

291 1061 324 1091 in
362 1061 483 1092 finibus
524 1062 708 1102 provinciae
755 1063 992 1093 Romanorum.

290 1110 410 1151 Atqui,
443 1116 482 1142 ut
511 1111 667 1149 diximus,
694 1111 898 1150 Albigenses
930 1122 993 1143 non

291 1166 391 1191 erant
421 1160 454 1191 in
480 1161 654 1200 provincia
683 1161 846 1191 Romana.
891 1160 992 1201 Apud

290 1209 442 1240 Plinium
472 1210 562 1241 Alba
593 1210 791 1241 Helviorum
817 1214 882 1248 est,
918 1221 992 1251 qnae

291 1259 391 1291 hodie
407 1260 551 1291 Aubenas
579 1264 719 1290 vocatur
744 1260 777 1290 iu
802 1260 992 1292 Vivariensi

291 1309 444 1348 dioecesi,
469 1311 654 1341 Ptolemaeo
679 1308 903 1349 ἀλβαύγουστα
933 1311 994 1341 ἑλι-

291 1360 417 1393 κωκίων.
432 1362 544 1392 'Vocat
559 1361 771 1400 Helicocios‚
785 1371 867 1402 quos
881 1362 993 1393 Latini

290 1411 446 1443 Helvios.
491 1411 634 1442 Anbenas
659 1416 771 1442 autem
799 1416 851 1442 est
871 1422 993 1444 nomen

291 1461 430 1501 pluralis
457 1462 587 1492 numeri
603 1461 805 1497 Albanates‚
828 1467 865 1492 ut
891 1472 909 1493 a
931 1464 993 1494 To·

291 1511 361 1541 losa
383 1511 570 1551 Tolosates,
592 1521 612 1542 a
639 1512 742 1543 Nom
768 1511 937 1543 Nonum
959 1514 992 1543 in

290 1560 398 1591 veteri
415 1560 646 1601 inscriptione.

505 1612 692 1651 Metropoles
708 1615 780 1642 tres.

343 1661 482 1692 XXIX.
552 1662 772 1694 Narbonensis.
836 1662 990 1693 Narbone.

289 1712 405 1743 Narbo
433 1712 590 1742 Martius.
650 1713 766 1742 Prima
793 1713 993 1744 Narbonen-

291 1761 347 1792 sis.
394 1760 550 1791 Secunda
568 1761 777 1792 Viennensis.

334 1811 451 1842 XXX.
478 1812 655 1842 Auscensis.
692 1811 992 1851 AngustaAusco-

291 1871 385 1899 rum;
410 1861 672 1901 Novempopuli.
697 1862 827 1893 Civitas
846 1863 992 1892 Novem-

288 1912 481 1952 popnlania.
506 1913 606 1942 Auclt.
624 1912 745 1951 Inepte
762 1913 860 1951 vulgo
874 1913 992 1942 Eccle-

289 1962 428 1992 siastico
467 1960 658 1991 Auxitanus
705 1960 990 2000 Archiepiscopus

287 2022 350 2052 pro
367 2011 582 2050 Ausciorum,
606 2015 664 2041 aut
681 2010 882 2041 Auscorum.

333 2062 470 2093 XXXI.
513 2062 631 2097 Tolosa,
664 2071 750 2091 nova
786 2061 991 2102 Metropolis

290 2112 447 2143 detracta
463 2112 641 2151 metropoli
663 2111 886 2142 Narbonensi.
923 2113 991 2143 No-

290 2162 496 2203 vempopuli,
532 2173 550 2193 a
579 2163 698 2203 quibus
726 2163 898 2193 nominata
925 2169 990 2203 cst,

289 2217 369 2243 sunt
385 2213 438 2243 hi:
479 2214 660 2245 Convonrc.
687 2213 905 2251 comm-anni,
939 2213 990 2243 Bi-

290 2272 460 2303 gerrones,
513 2263 788 2300 La‹·¹01·atenses,
837 2263 992 2303 Vasates,

289 2312 527 2350 Eloroxleilses,
560 2312 805 2349 Lascarienses,
829 2312 991 2351 Tarbelli,

288 2360 486 2401 Atyrenses:
532 2362 618 2391 Nam
646 2362 878 2401 Lapurclonscs
901 2371 989 2392 com-

289 2411 546 2450 prehenduntur
575 2412 635 2441 sub
666 2411 846 2441 Tarbellis.
902 2411 989 2441 Vide

289 2459 575 2501 Exti-avagantcs.
644 2461 765 2491 'Iolosa
808 2461 987 2492 Volcarum

287 2510 524 2550 Tectosagum.

290 2608 645 2650 Gratianopolitanum
655 2611 813 2642 Tribnnal
829 2622 848 2642 a
862 2612 988 2643 Karolo

331 2658 412 2689 vu.
422 2659 614 2691 institutum
626 2663 802 2702 septennio
812 2668 988 2704 postquam

331 2707 531 2739 Tolosanum
551 2710 744 2742 institutum
759 2723 766 2742 :
791 2713 892 2751 vulgo
909 2713 988 2743 Pur-

332 2757 497 2790 lamentum
523 2759 710 2799 Delfinatus.
764 2761 880 2792 Habet
907 2761 988 2792 dioe-

764 218 964 250 JOSEPHI
1000 215 1260 250 SCALIGERI

1087 323 1182 345 ceses
1207 319 1338 355 septem
1357 325 1364 345 :
1401 314 1433 345 in
1452 314 1500 346 his
1516 314 1741 354 Episcopatus

1086 365 1243 405 quinque,
1265 363 1589 406 Archiepiscopatus
1605 364 1702 395 duos.

1122 457 1184 488 Sub
1202 458 1369 498 Metropoli
1390 457 1553 489 Viennensi
1570 456 1664 498 Epis·

1286 511 1410 548 capatus
1424 511 1497 539 tres.

1087 566 1114 597 1.
1157 566 1344 597 Valentinus.
1398 565 1535 595 valence.
1583 562 1743 595 Valentia

1042 616 1316 656 Segalaunornm,
1340 625 1406 646 non
1434 619 1546 645 autem
1565 614 1744 653 Cavarum,

1044 672 1079 695 11ῑ
1097 673 1146 696 est
1164 666 1252 704 apud
1272 665 1428 695 Plinium.

1087 714 1135 744 ll.
1163 715 1302 745 Diensis.
1330 714 1402 744 Die.
1428 713 1583 753 Augusta
1595 711 1664 742 Dia
1678 711 1745 741 Vo-

1044 766 1231 796 contiorum
1258 766 1289 795 in
1319 764 1492 795 veteribus
1519 761 1746 802 inscriptioni-

1045 815 1118 845 bus.
1165 814 1229 844 Hae
1247 814 1320 844 duae
1336 813 1496 843 dioeceses
1514 812 1555 842 ab
1572 821 1634 842 nno
1651 810 1746 851 Epis-

1045 873 1132 903 copo
1157 867 1339 902 reguntur:
1377 867 1410 891 et
1444 867 1552 891 tamen
1577 865 1744 901 separatae

1045 917 1140 943 sunt:
1167 921 1275 952 neque
1292 912 1399 940 altera
1412 910 1637 949 alteriiisjura
1650 919 1744 939 usur-

1045 966 1115 1001 pat.
1161 961 1200 992 Iu
1221 961 1295 991 aliis
1321 959 1496 990 codicibus
1514 958 1639 989 dicitur
1656 959 1745 997 Dea,

1045 1022 1109 1042 non
1128 1012 1217 1042 Dia:
1242 1016 1277 1042 et
1294 1011 1327 1040 in
1343 1009 1475 1041 Notitia
1487 1009 1745 1040 Provinciarum

1044 1071 1086 1092 ex
1102 1061 1252 1102 vestigiis
1269 1061 1388 1101 prisca:
1415 1060 1568 1090 lectionis
1594 1059 1746 1090 videmur

1045 1111 1175 1142 odorari
1203 1111 1323 1141 Civitas
1346 1109 1531 1140 Deenffl'um:
1563 1109 1620 1139 ubi
1646 1108 1745 1140 bodie

1044 1163 1163 1194 vitiose
1199 1171 1359 1193 excusum
1390 1161 1511 1190 Civitas
1548 1160 1744 1198 Athensium,

1045 1218 1079 1244 et
1107 1213 1241 1243 omnino
1276 1212 1447 1242 Deensium
1477 1211 1669 1250 legendum,
1707 1215 1745 1241 ut

1044 1263 1207 1293 diximus:
1245 1262 1323 1302 quia
1347 1261 1495 1301 alioquin
1522 1261 1592 1291 haec
1616 1260 1744 1292 Civitas

1044 1312 1308 1342 desideraretur.

1086 1363 1155 1394 111.
1191 1361 1512 1401 Gratianopolitamas.
1564 1360 1743 1391 Grainoble.

1045 1423 1064 1443 a
1095 1412 1261 1444 Gratiano
1302 1412 1508 1451 imperatore
1550 1411 1598 1442 ita
1637 1411 1743 1449 dicta,

1044 1474 1120 1494 cum
1152 1468 1253 1494 antea
1276 1463 1400 1493 Cularo
1424 1466 1618 1500 vocaretur,
1643 1465 1678 1491 ut
1705 1461 1739 1491 in

1044 1513 1173 1543 duabus
1192 1512 1338 1553 egregiis
1362 1511 1637 1551 inscriptionibus
1663 1511 1744 1550 legi-

1043 1573 1126 1595 mus.
1172 1563 1211 1594 In
1237 1563 1384 1603 epistola
1403 1561 1519 1592 Planci.
1542 1560 1583 1591 ad
1608 1561 1744 1591 Cicero-

1042 1622 1131 1652 nem,
1153 1623 1226 1654 qua²
1244 1613 1363 1652 incipit
1380 1612 1571 1644 Nummum
1590 1611 1745 1641 Meum-

1043 1673 1142 1704 cuuz,
1165 1665 1198 1694 in
1226 1663 1291 1693 fine
1314 1664 1362 1693 ita
1384 1663 1513 1693 editum
1538 1662 1657 1701 vulgo:
1685 1663 1744 1692 Oc-

1042 1718 1112 1744 tavo
1137 1714 1236 1743 Eidus
1250 1713 1373 1751 Junias,
1398 1711 1558 1749 Cin-arone,
1581 1711 1742 1752 infinibus

1042 1763 1251 1803 Allobrogum.
1298 1762 1364 1793 Ubi
1385 1762 1563 1802 legendum
1581 1763 1743 1794 Cularone.

1043 1813 1085 1844 In
1111 1814 1242 1844 Notitia
1263 1813 1394 1852 imperii
1417 1813 1464 1843 ita
1490 1822 1650 1844 excusum
1667 1818 1742 1845 est:

1041 1864 1083 1894 ΙΝ
1115 1865 1326 1894 ΡηονικσιΛ
1351 1862 1491 1894 GALMA
1515 1863 1741 1894 lim-mansu

1045 1914 1200 1945 Tribunus
1213 1913 1344 1945 cohortis
1361 1914 1471 1953 pritnoe
1489 1913 1609 1944 Flavia·
1625 1912 1744 1954 Sapau-

1041 1964 1102 1993 diae
1120 1964 1291 1993 Cularouae.
1330 1963 1395 1993 Ubi
1413 1963 1593 2002 legendum
1609 1971 1743 2004 quoque

1044 2015 1217 2053 Cularonoe,
1241 2019 1297 2045 aut
1317 2015 1479 2044 Cularone.
1517 2013 1743 2055 Gratianopo-

1042 2064 1082 2093 lis
1108 2063 1208 2103 igitur
1235 2069 1287 2094 est
1310 2063 1408 2094 sedes
1428 2064 1624 2103 amplissimi
1641 2065 1743 2096 Sena·

1043 2117 1095 2143 tus
1123 2113 1367 2143 Delfinatensis
1395 2113 1435 2143 ad
1465 2112 1587 2144 flumen
1614 2114 1742 2146 Isaram

1043 2163 1126 2200 sita3
1151 2163 1248 2202 cujus
1265 2162 1408 2193 fluminis
1423 2173 1486 2193 non
1511 2164 1613 2194 semel
1627 2164 1742 2195 memi-

1043 2213 1091 2242 nit
1108 2213 1256 2243 Plancus
1275 2212 1317 2243 ad
1342 2213 1552 2243 Ciceronem.
1597 2214 1743 2245 Tcrrito-

1044 2262 1127 2292 rium
1144 2263 1231 2293 illius
1248 2263 1353 2302 urbis,
1371 2263 1424 2293 vel
1442 2263 1553 2302 potius
1571 2273 1653 2303 ager
1668 2264 1741 2295 sub-

1044 2313 1232 2343 nrbicarius
1272 2317 1410 2343 vocatur
1448 2313 1689 2344 Graisivouldan
1722 2323 1742 2344 a

1042 2362 1141 2400 vulgo
1161 2361 1392 2401 Delfinatium,
1417 2372 1498 2393 voce
1515 2367 1676 2404 corrupta
1698 2373 1739 2395 ex

1042 2412 1375 2453 Gratianopolitano.

1125 2505 1188 2535 Sub
1203 2515 1279 2536 nora
1296 2505 1463 2545 Metropoli
1480 2505 1656 2536 Arelatensi

1229 2566 1308 2586 nnus
1327 2555 1541 2599 Episcopatus.

1084 2613 1143 2643 1v.
1171 2613 1417 2643 Tricastineusis.
1471 2611 1578 2642 Saince
1602 2612 1737 2644 Antoine

1038 2664 1074 2694 de
1094 2664 1261 2694 Tricastin.
1284 2663 1440 2704 Augusta
1460 2662 1735 2694 Tricastinorum.

1040 2712 1150 2743 Aliam
1176 2713 1350 2743 civitatem
1385 2711 1479 2751 ponit
1518 2712 1737 2754 Ptolemaeus,

1037 2763 1263 2802 Juliomagum
1278 2761 1559 2795 Tricastinorum.
