1872 3104
432 500 510 558 C.
546 502 812 559 JULII
863 501 1298 562 CAESARIS

599 665 1121 754 VITA

238 860 285 906 A
343 856 783 907 PLUTARCHO
841 856 1100 906 GRAECE
1153 858 1486 923 SCRIPTA3

705 967 823 1005 CUM
851 968 1017 1005 NOTIS

474 1080 519 1126 A
549 1078 746 1127 FRID.
782 1078 1241 1144 SCHNIIEDER,

169 1210 355 1243 I'HILOS.
379 1210 590 1243 DOCTOR.
614 1209 771 1241 GYMN.
797 1208 938 1240 REGII
969 1210 1234 1244 BREGENSIS
1259 1212 1480 1245 RECTORE
1503 1213 1561 1244 ΕΤ

700 1261 1025 1294 PROFESSORE.

740 1455 895 1498 CAP.
950 1457 984 1498 Ι.

133 1544 257 1577 Caesari
270 1548 412 1585 propter
426 1543 627 1576 affinitatem
644 1554 721 1576 cum
749 1545 861 1576 Mario
885 1546 991 1577 hostis
1019 1551 1071 1577 est
1097 1546 1201 1587 Sylla,
1219 1555 1285 1587 quo
1302 1545 1471 1577 dictatore
1488 1556 1598 1578 sacer-

175 1598 304 1631 dotium
321 1598 472 1629 ambiens
488 1598 522 1629 in
535 1599 615 1629 vitae
630 1599 818 1639 pericnlum
836 1599 978 1630 incurrit
997 1605 1033 1630 et
1048 1599 1149 1640 fugit.
1194 1599 1236 1630 In
1249 1598 1385 1631 Sabinis
1400 1599 1545 1640 pecunia
1561 1609 1596 1631 se

175 1651 313 1683 redimit
330 1662 349 1682 a
365 1651 526 1683 militibus
544 1651 646 1693 Syllae
661 1662 670 1690 ;
698 1651 731 1682 in
747 1651 864 1683 Asiam
884 1657 1002 1683 vectus
1017 1652 1107 1684 circa
1132 1652 1398 1684 Pharmacusam
1418 1652 1560 1683 insulam
1578 1662 1598 1682 a

176 1705 296 1746 piratis
315 1703 459 1744 capitur.
505 1704 634 1746 (Natus
656 1710 707 1736 est
730 1705 768 1738 C.
791 1706 825 1738 J.
842 1706 956 1738 Caesar
973 1708 1063 1747 patri
1080 1708 1118 1739 C.
1134 1707 1228 1739 Julio
1246 1707 1375 1738 Caesari
1400 1716 1443 1737 ex
1456 1706 1599 1737 Aurelia

178 1763 301 1800 quarto
318 1758 400 1789 Idus
417 1757 600 1790 Quinctilis
615 1759 751 1800 [postea
765 1758 866 1799 Julii]
881 1760 956 1795 Css.
983 1760 1020 1792 C.
1038 1760 1150 1790 Mario
1175 1764 1320 1798 sextum,
1345 1765 1380 1790 et
1396 1760 1435 1790 L.
1459 1759 1597 1790 Valerio

176 1811 314 1851 Flacco,
330 1811 372 1842 ab
388 1812 430 1842 U.
447 1821 477 1842 c.
499 1814 574 1842 654.
592 1821 623 1843 a.
652 1811 732 1843 Chr.
761 1817 830 1844 nat.
860 1816 932 1845 100.
972 1813 1137 1853 Adjunxit
1166 1813 1372 1843 Plutarchus
1399 1811 1598 1842 Alexandro

179 1865 361 1903 Caesarem,
378 1863 467 1905 quod
481 1866 535 1904 (ut
548 1865 598 1895 ait
612 1864 764 1896 Velleius
780 1864 902 1906 11.41.)
925 1866 1046 1906 Magno
1058 1865 1106 1896 illi
1114 1865 1306 1904 Alexandro,
1315 1866 1367 1896 sed
1379 1864 1492 1903 sobrio,
1505 1874 1598 1904 neque

177 1918 335 1958 iracundo,
351 1917 528 1949 simillimus
543 1917 646 1957 erat.)

133 2011 290 2088 ΤΗΝ
309 2046 435 2084 Κίννα
465 2052 529 2083 τοῦ
561 2049 894 2098 Ι,ιονιηοχήσαντ·οςι
945 2049 1147 2096 θυγατέρα,
1177 2046 1409 2096 Κορνηλίαν,
1439 2048 1484 2082 ὡς
1517 2045 1598 2082 ἐπε·

792 2152 932 2184 NOTAE

182 2219 196 2247 1
222 2217 282 2247 Τοῦ
297 2214 566 2256 μοναρχήσαντος]
590 2216 679 2247 Usus
707 2220 760 2248 est
775 2215 839 2247 hoc
893 2215 1018 2253 omnia,
1045 2214 1141 2255 isque
1166 2214 1358 2245 Marianam
1383 2212 1598 2252 tyrannidem

135 2266 302 2298 vocabulo
314 2265 519 2297 Plutarchus
529 2266 584 2298 hic
595 2266 840 2307 aliquantulum
893 2266 1171 2303 resuscitaverat,
1191 2273 1258 2294 non
1283 2264 1371 2293 male
1400 2262 1527 2293 dicitur
1542 2263 1598 2293 hic

136 2316 335 2358 improprie.
395 2315 562 2356 Μονάρχης
591 2326 651 2347 seu
687 2315 842 2356 μόναρχος
893 2317 1098 2356 μοναρχῆο-αι.
1134 2315 1170 2346 X
1169 2315 1307 2355 ylamier.
1353 2312 1409 2344 Sic
1437 2312 1599 2352 Marium,

136 2376 199 2407 pro
206 2369 391 2407 tyranno,et
402 2369 569 2407 μοναρχεῖν
576 2376 636 2408 pro
645 2368 842 2408 tyrannidem
894 2367 1032 2408 Syllam,
1048 2371 1084 2397 et
1098 2365 1285 2396 dictatores
1312 2361 1470 2403 μονάρχας
1484 2363 1599 2394 Graeci

135 2425 257 2456 gerere,
272 2417 360 2456 apud
386 2418 526 2449 Graecos
551 2427 643 2458 saepe
669 2417 839 2448 dicuutur.
895 2417 1026 2448 dicunt.
1071 2417 1127 2447 Sic
1159 2415 1336 2446 Plutarch.
1368 2414 1456 2444 infra
1487 2423 1516 2444 c.
1547 2417 1601 2446 37.

137 2466 307 2498 Nimirum
324 2466 359 2496 id
374 2468 528 2498 vocabuli
545 2473 616 2499 tum
639 2478 716 2499 eum
740 2468 840 2508 signi·
894 2469 1101 2499 dictaturam
1137 2466 1329 2506 μοναρχίαν;
1361 2466 1443 2497 item
1476 2475 1505 2496 c.
1545 2468 1599 2495 57.

138 2516 233 2555 ficat,
249 2517 305 2557 qui
322 2517 409 2547 solus
434 2527 547 2549 rerum
573 2519 712 2559 potitur,
737 2519 839 2560 idque
896 2519 1087 2550 Corneliam
1105 2519 1222 2549 Caesar
1244 2526 1384 2548 uxorem
1409 2516 1553 2546 duxerat
1568 2524 1599 2545 a.

138 2566 278 2607 injuste.
304 2567 342 2597 L.
361 2571 475 2597 autem
491 2568 625 2599 Cornel.
649 2569 757 2600 Cinna
772 2579 840 2600 non
896 2568 975 2599 Chr.
990 2571 1042 2598 84.
1061 2577 1148 2598 anno
1167 2568 1277 2598 aetatis
1294 2566 1425 2596 decimo
1442 2564 1599 2604 septimo.

139 2617 229 2647 solus
255 2617 402 2658 quidem,
414 2617 474 2648 sed
498 2627 574 2648 cum
601 2619 739 2657 collegis
763 2629 843 2659 qua·
894 2618 990 2657 Sylla
1017 2623 1151 2648 creatus
1168 2622 1219 2647 est
1234 2617 1384 2647 dictator
1411 2620 1599 2655 perpetuus

139 2671 218 2698 tuor
248 2667 461 2697 consulatum
489 2667 594 2707 gessit
621 2666 668 2708 (a.
701 2667 780 2698 Chr.
807 2677 841 2697 n.
894 2675 926 2696 a.
945 2666 1024 2697 Chr.
1041 2675 1074 2696 n.
1092 2669 1145 2696 82.
1168 2671 1204 2696 et
1232 2665 1318 2697 vixit
1341 2675 1447 2707 usque
1472 2664 1514 2696 ad
1540 2674 1598 2695 an·

140 2715 284 2757 87-84.);
323 2717 402 2757 quia
428 2721 541 2747 tamen
569 2717 592 2746 ii
619 2716 692 2748 fere
712 2717 843 2758 abipso
896 2726 975 2748 num
991 2719 1043 2749 78.

140 2767 351 2807 pendebant,
368 2773 404 2799 et
419 2773 503 2798 nutu
520 2768 637 2799 Cinnae
654 2769 843 2809 agebantur

229 2821 341 2861 Delph.
355 2828 384 2852 et
406 2822 479 2853 sar.
499 2822 581 2853 Clas.
838 2823 919 2853 Cas.
1446 2823 1466 2850 6
1484 2820 1512 2850 E
