1872 3104
579 200 620 230 c,
652 200 690 229 J.
723 198 940 228 cAESAms
973 200 1105 229 vrrA.
1464 192 1578 234 1913

117 308 237 340 μενος,
273 293 314 331 έν
343 298 422 330 ταῖς
452 294 742 341 ἀγορανομικαῖς
778 293 1006 342 φιλοτιμίαις
1043 293 1164 340 ἀκμὴν
1197 293 1400 342 ἐχούσαιςἈ
1435 298 1577 335 εἰκόνας

119 357 317 402 ἐποιήσατο
332 355 478 403 Μαρίου
498 354 625 403 κρύφα,
647 355 705 390 καὶ
727 357 825 391 νίκας
847 354 1161 405 τροπαιοφόρους,3

1183 356 1225 390 ἂς
1244 359 1362 405 φέρων
1384 359 1505 395 νυκτὸς
1527 364 1578 398 εἰς

118 421 158 457 τὸ
175 420 415 457 Καπιτώλιον
433 419 656 462 ἀνέστησεν.
706 416 818 467 “Apa
840 416 870 454 δ’
890 420 1017 468 ἡμέρᾳ,
1039 416 1118 455 τοῦς
1147 420 1398 468 θεασαμένους
1416 427 1579 472 μαρμαί-

117 498 229 531 ροντα
248 485 370 519 πάντα
390 483 528 531 χρυσῷ,
552 483 610 517 καὶ
631 485 746 533 τέχνῃ
767 482 1090 531 κατεσκευασμένα
1112 490 1281 529 περιττῶς
1314 481 1501 534 (διεδήλου
1537 484 1578 522 δὲ

123 550 315 595 γράμμασι
349 547 393 582 τὰ
428 543 615 593 Κιμβρικὰ
650 548 927 595 κατορθώματα)
965 544 1109 596 θάμβος
1143 548 1235 597 ἔσχε
1268 555 1328 592 τῆς
1361 550 1499 598 τόλμης
1518 554 1580 586 τοῦ

116 612 327 649 ἀναθέντος.
383 608 441 646 Οὐ
475 612 547 658 γὰρ
586 608 631 654 ἦν
669 608 854 655 &buxos-⁴
882 608 979 661 ταχὺ
1011 609 1050 646 δὲ
1082 613 1232 658 περιιὼν
1254 612 1272 648 ὸ
1292 614 1404 660 λόγος
1429 614 1578 663 ἥθροιᾶε

118 679 259 713 πάντας
285 675 497 721 ἀνθρώπους
530 673 615 720 πρὸς
649 677 716 719 τὴν
749 674 851 721 ὄψιν.
908 674 1019 710 Ἀλλ’
1052 674 1086 711 οἱ
1119 675 1188 723 μὲν
1221 675 1354 721 ἐβόων,
1377 675 1578 725 τυραννίδα

116 737 379 776 πολιτεύεσθαι
418 737 607 785 Καίσαρα,
641 738 764 786 νόμοις
799 740 857 774 καὶ
895 736 1060 788 δόγμασι
1094 744 1417 790 κατορωρυγμένας
1455 742 1582 778 ἐπανι-

117 802 255 839 στάντα
274 804 391 850 τιμὰς,
414 803 472 838 καὶ
492 806 596 839 τοῦτο
618 807 751 851 πεῖραν
771 803 831 839 ἐπὶ
861 803 925 839 τὸν
944 800 1062 853 δῆμον
1081 801 1179 839 εἶναι
1208 806 1578 854 προμαλαττόμενον,

115 866 146 901 εἰ
185 866 463 902 τετιθάσσευται
480 866 491 887 ⁵

531 870 611 902 ταῖς
643 868 868 915 φιλοτιμίαις
905 866 963 901 ὑπ’
1003 867 1126 910 αὐτοῦ,
1164 868 1223 903 καὶ
1245 864 1391 903 ,δίδωσι
1425 870 1580 908 παίξειν

114 936 267 966 τοιαῦτα
299 931 359 966 καὶ
392 927 655 979 κενοτομεῖν·6
683 929 717 965 οἱ
755 927 796 965 δὲ
831 928 1022 976 Μαριανοὶ
1055 931 1404 979 παραθαῤῥύναντες
1438 931 1578 977 αὐτοὺς,

115 994 249 1038 πλήθει
277 1009 316 1030 τε
345 995 550 1043 θαυμαστοὶ
570 993 650 1029 ὅσοι
671 991 900 1044 διεφάνησαν
921 993 1102 1044 ἐξαίφνης,
1136 995 1193 1030 καὶ
1215 996 1324 1045 κρότῳ
1344 1000 1519 1046 κατεῖχον
1540 993 1579 1033 τὸ

115 1056 370 1094 Καπιτώλιον.
428 1055 594 1093 Πολλοῖς
623 1055 664 1093 δὲ
696 1059 755 1093 καὶ
784 1054 920 1106 δάκρυα
941 1059 1008 1101 τὴν
1028 1057 1178 1107 Μαρίου
1205 1061 1399 1108 θεωμένοις
1418 1060 1505 1108 ὄψιν
1526 1061 1582 1111 ὑφ’

114 1117 242 1164 ἡδονῆς
261 1121 406 1170 ἐχώρει·
437 1122 496 1158 καὶ
533 1124 655 1170 μέγας
685 1119 731 1165 ἦν
763 1122 782 1157 ὁ
810 1121 961 1170 Καῖσαρ
983 1123 1177 1172 ἐγκωμίοις
1203 1117 1475 1174 αἷρόμενος,’ὡς
1495 1126 1580 1161 ἀντὶ

115 1186 264 1220 πάντων
296 1185 392 1230 ἄξιος
421 1186 480 1231 ε’ίη
514 1187 533 1222 ὁ
567 1187 659 1235 ἀνὴρ
690 1192 751 1229 τῆς
782 1185 933 1234 ἈἸιιριόυ
954 1191 1191 1234 συγγενείας.
1247 1187 1505 1239 Συναχθείσης
1539 1187 1580 1225 δὲ

114 1249 196 1296 περὶ
216 1247 352 1285 τούτων
372 1254 432 1292 τῆς
450 1248 602 1297 βουλῆς,
634 1249 784 1287 Κάτλος
815 1248 1033 1294 Λουτάτιος,
1065 1252 1157 1300 ἀνὴρ
1187 1250 1387 1301 εὐδοκιμῶν
1406 1254 1486 1289 τότε
1506 1253 1581 1302 μά·

114 1313 228 1349 λιστα
248 1311 454 1361 Ῥωμαίων,
486 1314 650 1350 ἀναστὰς
670 1314 729 1349 καὶ
749 1314 1002 1361 κατηγορήσας
1031 1313 1235 1362 Καίσαρος,
1260 1315 1512 1365 ἐπεφθέγξατο
1539 1314 1579 1352 τὸ

115 1378 449 1427 μνημονευόμενον·
498 1375 578 1415 Οὔκ
616 1378 668 1414 ἔτι
708 1379 780 1427 γὰρ
818 1378 1026 1427 ὑπονόμοις,
1067 1380 1148 1429 ἔφη,
1184 1379 1349 1428 Καῖσαρ,
1389 1381 1476 1416 ἀλλ’
1512 1378 1580 1425 ἤδη

113 1445 302 1490 μηχαναῖς
322 1441 421 1490 αἱρεῖ
440 1442 506 1485 τὴν
526 1443 734 1478 πολιτείαν.
805 1441 906 1478 Ἐπεὶ
939 1440 967 1478 δ’
1001 1443 1337 1493 ἀπολογησάμενος
1357 1444 1444 1492 πρὸς
1463 1452 1581 1482 ταῦτα

113 1503 266 1554 Καῖσαρ
303 1505 430 1542 ἔπεισε
468 1507 534 1549 τὴν
568 1504 788 1553 σύγκλητον,
822 1507 875 1543 ἔτι
907 1508 1058 1555 μᾶλλον
1097 1508 1131 1544 οἱ
1170 1508 1426 1557 θαυμάξοντες
1466 1507 1580 1544 αὑτὸν

113 1568 340 1618 ἐπήρθησαν,
371 1571 431 1606 καὶ
460 1571 751 1617 παρεκελεύοντο
771 1567 903 1618 μηδενὶ
932 1577 996 1606 τοῦ
1026 1572 1256 1620 φρονήματος
1284 1572 1469 1622 ὑφίεσθαι·
1491 1571 1582 1608 πάν-

114 1648 184 1669 των
204 1634 276 1683 γὰρ
297 1634 415 1671 ἑκόντι
435 1637 482 1685 τῷ
503 1633 602 1686 δήμῳ
622 1635 859 1683 περιέσεσθαι
880 1635 938 1670 καὶ
964 1638 1205 1684 πρωτεύσειν.

685 1836 721 1877 C
736 1836 778 1877 A
793 1837 846 1878 Ρ.
896 1836 1008 1878 VII.

116 1946 232 1977 Caesar
246 1952 384 1978 creatur
397 1946 562 1978 Pom-ifex
576 1947 762 1986 Maximus,
774 1946 924 1977 Isaurico
941 1951 976 1977 et
993 1946 1115 1977 Catulo
1132 1946 1293 1986 praelatus
1308 1956 1317 1983 ;
1341 1945 1586 1986 conjurationis

159 2000 366 2031 Catilinariae
385 2001 558 2042 particeps
575 2000 728 2032 creditur
746 2005 889 2041 propter
912 1999 1118 2030 sententiam
1135 1999 1178 2030 de
1194 1999 1337 2030 Lentulo
1366 2004 1402 2030 et
1429 1999 1581 2040 Cethego

158 2062 225 2084 non
240 2055 354 2085 statim
368 2058 478 2086 morte
494 2053 676 2085 multandis
693 2053 726 2084 iu
743 2058 864 2084 senatu
882 2053 1032 2091 dictam3
1056 2063 1076 2083 a
1094 2052 1172 2084 Chr.
1191 2062 1223 2084 n.
1240 2055 1293 2083 63.

173 2154 236 2191 Ἐν
257 2153 298 2192 δὲ
318 2159 430 2207 τούτῳ
451 2158 509 2194 καὶ
528 2156 728 2195 ὒῙετέλλου
747 2160 757 2175 ¹
793 2160 856 2194 τοῦ
891 2157 1089 2207 ἀρχιερέως
1117 2158 1415 2200 τελευτήσαντος,
1437 2155 1496 2191 καὶ
1515 2156 1581 2199 τὴν

773 2270 913 2303 NOTAE

158 2343 179 2371 2
201 2339 289 2380 Ἀκμ.
307 2341 374 2382 ἐχ.]
412 2344 649 2376 Munificentia
663 2346 822 2386 Caesaris,
919 2349 937 2376 5
964 2343 998 2375 Εἴ
1011 2342 1165 2384 venedam]
1195 2343 1252 2375 Sic
1268 2348 1365 2375 recte
1382 2342 1506 2374 Reiske
1522 2352 1583 2384 pro

117 2400 192 2421 cum
209 2391 315 2422 aedilis
331 2398 436 2435 esset,
446 2395 487 2426 ad
502 2405 666 2427 summum
680 2397 822 2438 gradum
877 2397 940 2427 εἴτε
953 2394 1182 2427 τιθασσεύεται.

116 2440 297 2480 producta.
919 2451 940 2478 6
978 2447 1178 2487 Κενοτομεῖν]
1225 2444 1393 2476 Defendit
1426 2444 1490 2476 hoc
1529 2445 1584 2482 R„

158 2492 176 2520 3
201 2489 295 2521 Νίκας
319 2493 572 2535 τροπαιοφόρους]
617 2496 766 2537 Tropaea
782 2497 820 2529 C.
878 2498 957 2539 quia
973 2497 1144 2529 sententia
1161 2496 1299 2534 doceat,
1325 2504 1391 2525 non
1410 2499 1475 2525 tam
1492 2493 1586 2524 nox-i-

115 2538 221 2570 Marii
248 2539 292 2570 de
318 2540 501 2583 ,lugan-tha,
530 2544 641 2586 deque
673 2546 820 2578 Cimbris
877 2553 982 2578 tatem
1001 2557 1101 2589 quam
1116 2547 1304 2577 vanitatem
1329 2545 1383 2575 hic
1409 2543 1586 2583 spectari3

115 2593 218 2630 atque
234 2589 406 2631 Teutonis,
429 2591 507 2623 olim
523 2603 542 2623 a
556 2594 648 2634 Sylla
663 2595 821 2636 disjecta,
876 2598 964 2628 malo
981 2602 1093 2628 tamen
1111 2606 1188 2627 cum
1205 2596 1343 2635 Bryano
1359 2594 1561 2631 καινοτομεῖν·

116 2639 281 2670 restituit.
325 2639 452 2672 Sueten.
470 2642 541 2674 Jul.
559 2647 611 2674 11.

157 2691 177 2719 4
197 2689 346 2730 Ἀδηλος]
380 2690 438 2722 Sic
453 2692 590 2724 Reiske.
636 2694 702 2724 Sed
719 2695 821 2726 etiam
920 2700 937 2728 1
962 2695 1128 2727 Pontifex
1146 2696 1240 2726 Max.
1264 2693 1382 2725 fuerat
1399 2694 1443 2726 Q.
1460 2693 1586 2725 Metel-

116 2740 251 2781 vulgata
266 2740 382 2779 ἄδηλον
397 2740 480 2773 ferri
499 2747 647 2784 poterat.
880 2747 932 2778 lus
959 2746 1052 2787 Pius,
1078 2745 1179 2787 Syllae
1206 2754 1314 2777 socer.
1348 2744 1392 2775 P.
1418 2743 1583 2776 Servilius
