1872 3104
212 186 324 228 1958
671 199 711 228 c.
742 198 781 229 J.
814 197 1029 229 CAESAms
1064 199 1195 230 vvrA.

211 302 340 348 φέρεις,
360 299 418 335 καὶ
438 300 504 343 τὴν
522 298 716 348 Καίσαρος
735 299 853 351 τύχην
874 304 1150 349 συμπλέουσαν.
1196 300 1397 337 Ἐλίιθοντο
1413 301 1426 321 ⁷
1447 305 1511 336 τοῦ
1529 294 1664 350 χειμῶ-

211 376 271 399 νος
289 361 323 399 οἷ
342 370 486 406 ναῦται,
508 365 565 399 καὶ
586 369 665 400 ταῖς
686 368 818 400 κώπαις
838 364 1026 413 ε’μφῡντες,
1047 364 1248 411 &idioma
1276 369 1374 416 πάσῃ
1400 365 1581 413 προθυμίᾳ
1600 364 1665 402 τὸν

211 427 393 475 ποταμόν.
446 425 506 461 Ὠς
538 425 566 462 δ’
599 425 642 470 ἦν
673 428 806 475 ἄπορα,
841 425 1036 476 δεξάμενος
1066 430 1213 475 πολλὴν
1233 429 1436 470 θάλατταν,
1458 429 1515 463 καὶ
1542 425 1664 464 κινδυ-

211 488 344 526 νεύσας
379 490 419 524 έν
451 492 499 538 τῷ
529 491 694 538 στόματι,
717 492 952 541 συνεχώρησε
983 493 1070 540 μάλ’
1096 493 1192 527 ἄκων
1212 494 1258 540 τῷ
1279 489 1480 543 κυβερνήτῃ
1498 489 1664 539 μεταβα-

211 556 307 589 λεῖν.

209 616 437 664 μεμφόμενοι
457 617 514 651 καὶ
535 614 815 662 δυσπαθοῦντες,
836 621 868 655 εἰ
900 621 949 668 μὴ
970 623 1166 655 πέπεισται
1200 619 1257 654 καὶ
1291 618 1358 653 σὺν
1387 619 1507 654 αὐτοῖς
1538 618 1662 667 μόνοις

362 551 529 588 Ἀνιόντι
557 551 587 587 δ’
605 555 702 602 αὐτῷ
732 557 823 591 κατὰ
858 554 994 598 πλῆθος
1025 557 1198 600 ἀπήντων
1226 555 1259 590 οἱ
1291 561 1518 602 στρατιῶται,
1540 555 1664 590 πολλὰ

212 677 333 714 ἱκανὸς
352 675 451 714 εἶναι
473 681 588 727 νικᾷν,
610 679 695 715 ἀλλ’
716 681 874 730 ἄχθεται
894 683 951 718 καὶ
973 680 1259 729 παραβάλλεται
1273 680 1286 701 ⁸
1309 678 1367 717 διὰ
1388 679 1467 717 τούς
1486 682 1660 718 ἀπόντας»

210 745 254 778 ὡς
273 743 439 779 ἆπίσῒῶν
458 747 530 779 Τοῖς
548 747 739 791 παροῦσιν.

713 934 749 977 C
765 935 805 977 Α
816 935 870 977 Ρ.
912 933 1170 976 XXXIX.

210 1020 356 1061 Reliquo
373 1021 519 1052 Caesaris
533 1022 687 1054 exercitu
705 1032 746 1054 ex
762 1023 860 1054 Italia
877 1024 1011 1055 tandein
1028 1028 1234 1061 transvecto,
1251 1021 1425 1053 universus
1440 1021 1529 1053 fame
1544 1020 1666 1063 premi·

254 1080 317 1112 tur,
333 1078 367 1104 et
384 1074 465 1105 licet
480 1074 513 1104 in
530 1075 645 1105 multis
661 1076 790 1107 levibus
808 1077 934 1117 praeliis
953 1077 1108 1117 superior
1123 1075 1241 1115 fuerit,
1257 1075 1435 1117 aliquando
1452 1075 1553 1106 etiam
1570 1074 1666 1116 fuga-

250 1131 319 1165 tur,
331 1126 466 1157 Caesare
483 1127 555 1167 ipso
573 1127 605 1158 in
618 1138 748 1158 summo
765 1129 916 1169 periculo
933 1129 1091 1161 haerente.
1137 1130 1319 1170 Pompeius
1344 1129 1485 1160 victoria
1510 1138 1577 1159 non
1600 1128 1666 1159 uti-

253 1183 319 1210 tur.
344 1179 458 1210 Caesar
473 1179 632 1211 damnato
645 1182 784 1213 consilio
799 1182 890 1213 circa
906 1183 1061 1222 Pompeii
1078 1187 1189 1213 castra
1202 1182 1363 1221 haerendi,
1378 1182 1410 1213 in
1426 1181 1666 1213 Macedoniam

251 1237 371 1264 contra
385 1233 580 1273 Scipionem
597 1235 785 1266 exercitum
800 1236 924 1267 ducere
940 1236 1071 1267 statuit.

261 1317 324 1353 Ἐκ
343 1322 470 1355 τούτου
496 1321 721 1357 κατέπλευσε
739 1319 751 1337 ¹
774 1321 844 1369 μὲν
860 1319 1059 1356 Ἀντώνιος
1077 1320 1151 1358 ἀπὸ
1171 1319 1394 1368 Βρεντησίου
1411 1322 1473 1356 τὰς
1492 1317 1665 1369 δυνάμεις

210 1382 325 1427 ἄγων.
384 1380 581 1431 Θαῤῥὴσας
618 1382 659 1420 δὲ
695 1384 846 1432 Καῖσαρ
877 1386 1119 1431 προύκαλεῖτο
1152 1383 1366 1434 Πομπήϊον,
1401 1382 1591 1433 ἱδρυμένον
1622 1386 1665 1419 ἐν

210 1446 322 1495 καλῷ,
345 1446 402 1481 καὶ
421 1446 702 1496 χορηγούμενον
723 1448 762 1484 ἔκ
780 1463 819 1484 τε
847 1456 913 1495 γῆς
939 1449 999 1483 καὶ
1019 1447 1201 1492 θαλάττης
1218 1448 1474 1497 ἀποχρώντως,
1497 1447 1602 1484 αὐτὸς
1623 1448 1663 1484 ἐν

208 1509 271 1544 οὐκ
290 1509 458 1558 ἀφθόνοις
477 1508 618 1556 διάγων
634 1513 708 1547 κατ’
727 1512 855 1561 ἀρχὰς,
878 1512 1031 1560 ὕστερον
1051 1510 1092 1547 δὲ
1112 1512 1169 1547 καὶ
1191 1509 1330 1560 σφόδρα
1352 1512 1509 1547 πιεσθεὶς
1528 1511 1665 1558 ἀπορίᾳ

208 1577 281 1608 τῶν
310 1573 558 1619 ἀνιιγκαίων.’·
611 1574 738 1611 Ἀλλὰ
768 1576 885 1626 ρίἓαν
899 1575 911 1596 ³
939 1577 1022 1611 τινὰ
1058 1576 1249 1612 κόπτοντες
1286 1574 1320 1610 οἱ
1354 1581 1584 1622 στρατιῶται,
1605 1575 1665 1610 καὶ

210 1637 369 1682 γάλακτι
389 1643 568 1685 φυρῶντες
600 1639 880 1688 προσεφέροντο,
908 1642 970 1674 καί
996 1654 1084 1674 ποτε
1113 1640 1170 1674 καὶ
1205 1636 1480 1674 διαπλάσαντες
1501 1638 1665 1681 ἐξαυτῆς

353 1697 371 1718 ⁴
395 1702 454 1736 καὶ
479 1706 557 1737 ταῖς
590 1705 839 1752 προφυλακαῖς
874 1709 946 1739 τῶν
976 1705 1165 1751 πολεμίων
1195 1700 1467 1751 ἐπιδραμόντες,
1496 1700 1664 1748 ἔβαλλον

209 1700 350 1745 ἄρτους,

209 1762 298 1798 εἵσω
318 1764 377 1799 καὶ
398 1761 640 1812 ὃιερῤἰπτουν,
662 1766 916 1812 ἐπιλέγοντες,
937 1769 995 1810 ὡς,
1012 1767 1117 1816 ἄχρις
1149 1767 1198 1802 ἂν
1226 1767 1247 1810 ἡ
1274 1774 1323 1813 γῆ
1350 1768 1517 1802 τοιαύτας
1536 1766 1663 1817 ἐκφέρῃ

206 1826 329 1873 ῥίὲας,
345 1828 386 1863 οὺ
406 1830 612 1865 παύσονται
633 1832 933 1878 πολιορκοῦντες5
969 1829 1182 1880 Πομπήϊον.
1237 1828 1284 1867 'O
1316 1830 1443 1879 μέντοι
1471 1827 1663 1878 Πομπήϊος

864 1924 1004 1957 NOTAE

251 1986 271 2015 7
308 1984 489 2026 Ἐλάθοντο]
528 1986 708 2028 Plerisque
739 1988 906 2019 editorum

208 2036 318 2066 oratio
332 2036 471 2067 videtur
486 2037 610 2077 hiulca,
636 2038 751 2079 itaque
778 2039 830 2069 vei
856 2037 908 2069 οὖν

208 2087 261 2116 vei
285 2087 362 2125 ’γοῦν
380 2086 458 2117 addi
477 2088 605 2126 volunt,
630 2094 664 2119 et
683 2089 806 2119 Reiske
823 2089 907 2120 adeo

207 2137 377 2177 conjecit:
402 2137 491 2167 ταῦτ’
506 2138 693 2170 ἀκούσαντες
709 2138 907 2171 ἐπελάθοντο.

206 2187 287 2226 Sed,
311 2188 344 2217 ni
377 2187 488 2225 fallor,
521 2189 722 2221 Plutarchus
754 2192 908 2222 consulto

206 2238 320 2269 haecce
336 2240 586 2279 complementa
601 2241 724 2272 omisit.

249 2291 270 2319 8
285 2288 563 2330 Παραβάλλεσθαι]
578 2291 723 2323 Temere
738 2302 773 2323 se
786 2302 907 2334 magno

210 2339 365 2380 periculo
380 2340 543 2381 objicere.

251 2445 266 2473 l
293 2441 508 2484 Κατ-ἔπλευσε]
531 2443 584 2476 Cf.
601 2446 716 2477 Caesar
739 2445 781 2477 de
807 2445 848 2476 Β.
867 2445 909 2477 C.

205 2501 260 2523 nr.
277 2496 415 2526 25—30.

250 2547 269 2574 2
292 2544 417 2586 Ἀπορίᾳ
432 2547 494 2576 τῶν
508 2545 696 2587 ἀναγκαίων]
720 2547 904 2587 Pompeius

208 2594 343 2624 enimin
362 2596 522 2635 proximis
546 2596 735 2638 quibusque
760 2597 906 2637 regioni-

208 2643 268 2673 bus
279 2643 484 2677 frumentum
497 2656 596 2678 omne
607 2648 906 2690 corruperatquod

207 2691 333 2724 auferri
352 2704 416 2725 uon
435 2701 605 2736 potuerat.

251 2746 269 2774 3
292 2743 408 2784 Ῥίζαν]
441 2746 541 2785 Qum,
572 2747 598 2776 si
626 2747 730 2778 lectio
760 2748 907 2787 genuina

961 1995 1023 2030 est,
1039 2000 1093 2031 ap.
1109 1990 1195 2022 Caes.
1210 1999 1264 2020 ιιι.
1279 1992 1332 2020 48.
1345 1988 1438 2019 chara
1449 1987 1661 2028 appellatur;

961 2041 1003 2070 de
1021 2049 1087 2081 qua
1102 2039 1196 2070 nobis
1209 2039 1289 2070 nihii
1307 2043 1464 2070 constare
1486 2048 1550 2069 non
1566 2038 1663 2070 mira·

962 2090 1063 2120 beris.
1110 2089 1162 2121 Cf.
1187 2090 1304 2120 Morus
1331 2089 1373 2119 ad
1397 2091 1524 2120 Caesar.
1539 2089 1661 2120 locum.

963 2139 1113 2179 Reiskio,
1127 2149 1186 2180 pro
1199 2139 1284 2170 ἀλλὰ
1293 2139 1494 2170 sententiam
1508 2138 1576 2170 ὅθεν
1591 2139 1664 2171 sive

962 2191 1042 2221 ὥστε
1072 2191 1243 2231 postulare
1271 2189 1425 2221 censenti
1455 2199 1521 2220 non
1550 2198 1662 2220 assen-

963 2241 1041 2271 tior.
1082 2241 1243 2271 Lectione
1261 2240 1397 2280 vulgata
1412 2239 1591 2276 indicatur,
1610 2248 1662 2269 ra·

961 2291 1071 2322 dicem
1096 2296 1268 2331 repertam
1300 2289 1547 2321 incommodum
1577 2289 1660 2321 iilud

962 2342 1208 2384 quodammodo
1225 2341 1429 2372 sublevasse.

1004 2396 1023 2423 4
1042 2392 1184 2433 Ἄρτους]
1203 2393 1239 2422 Id
1256 2401 1361 2431 genus
1383 2391 1506 2421 radicis
1521 2391 1561 2421 ad
1574 2389 1660 2421 simi-

961 2443 1122 2474 litudinem
1136 2443 1227 2483 punis
1241 2441 1421 2483 efficiebant.
1468 2442 1553 2472 Caes.
1570 2441 1592 2471 1.
1610 2440 1633 2470 Ι.

1003 2499 1020 2525 5
1060 2494 1314 2534 Πολιορκοῦντες]
1359 2493 1541 2533 Pompeius
1569 2492 1657 2522 enim

960 2555 1071 2586 neque
1090 2545 1206 2584 praeiio
1231 2554 1305 2575 cum
1327 2545 1461 2575 Caesare
1478 2543 1657 2572 decertare

960 2595 1120 2634 audebat,
1142 2596 1201 2626 scd
1229 2596 1321 2626 edito
1348 2593 1489 2635 quodam
1514 2593 1589 2623 ioco
1614 2592 1657 2622 ad

960 2656 1053 2677 mare
1070 2646 1146 2685 sito,
1164 2647 1269 2677 Petra
1285 2643 1529 2684 appellabatur,
1545 2645 1658 2671 castra

960 2696 1145 2733 municrat;
1169 2705 1264 2734 neque
1278 2704 1296 2723 α
1311 2692 1389 2723 mari
1405 2690 1658 2731 Dyrrhachioque

959 2746 1113 2776 discedere
1138 2744 1267 2783 colebat,
1284 2743 1363 2782 quod
1387 2751 1503 2772 omnem
1526 2751 1656 2781 appara-
