1872 3104
233 182 298 227 liv

236 288 334 320 For-te
359 287 490 328 lignum,
514 287 635 320 durum
666 288 694 320 C
716 287 752 328 ii,
771 290 803 320 2.
840 287 938 326 fortis

276 340 355 372 pons
389 329 421 362 A
464 333 513 362 19.
594 330 649 363 Cf.
678 330 802 371 Veget.
827 330 851 369 i,
882 333 937 362 24.

279 372 376 405 Alias
393 372 492 405 fortis
507 373 656 405 refertur
674 373 780 415 magis
802 373 844 405 ad
869 373 938 405 ani-

279 425 383 447 mum.

236 458 378 491 Fortiter
407 457 508 488 dicere
536 459 733 497 sententiam,
767 458 860 490 nullo
898 457 939 489 ti-

280 510 373 531 more
389 499 589 538 impeditum
606 500 634 530 C
649 500 673 539 i,
689 504 719 531 1.

239 543 386 580 Fractus,
402 540 598 572 debilitatus
615 542 646 572 G
663 542 686 580 i,
705 545 758 574 81.

240 585 371 617 Fratres
399 587 429 614 et
466 583 697 622 consanguinei,
733 584 776 614 de
813 583 941 616 duobus

282 624 416 665 populis
434 625 465 656 G
483 624 518 666 ii,
542 628 574 656 3.
598 624 644 656 cf.
670 626 942 666 &insanguineum

283 667 496 698 Necessarius.

241 709 272 742 F
272 710 403 740 raudare
437 709 480 740 sti
503 708 626 740 enatum
661 709 812 749 equitum,
840 709 874 740 in
902 719 944 742 eo

282 751 436 782 fraudem
481 760 592 792 acere,
619 752 752 793 equites
779 761 821 783 eo
853 751 944 784 frau-

283 794 365 826 dare
384 794 411 826 C
425 794 474 834 iii,
488 796 542 826 59.

243 837 416 873 Fremitus,
432 837 560 868 clamor
576 836 609 868 G
625 836 670 876 iv,
687 839 740 868 14.

240 880 452 920 Frequentare
465 879 568 920 copias
581 879 744 918 militibus,
759 888 874 910 earum
887 889 947 911 nu-

283 931 415 953 merum
430 931 556 963 augere
573 921 698 953 additis
710 922 873 953 militibus
887 921 946 954 Af.

241 1007 344 1038 Frons
363 1007 480 1047 pontis,
501 1016 579 1048 pars
592 1005 744 1038 hostibus
759 1006 900 1038 adversa
916 1007 947 1038 G

286 1049 358 1088 viii,
373 1053 405 1080 9.
422 1050 546 1080 montis
565 1049 595 1080 G
615 1049 651 1087 ii,
668 1052 698 1080 8.

245 1091 437 1122 Fructuosus
453 1093 546 1131 locus,
571 1089 707 1131 fertilis,
722 1089 898 1123 foecuudus
917 1091 950 1122 G

285 1133 295 1165 i
326 1137 381 1166 30.

243 1158 379 1209 frictus
393 1186 539 1216 agrorum
548 1176 580 1208 G
592 1176 674 1217 i‚2s.
689 1176 870 1215 usitatius,
877 1175 951 1214 fru-

284 1230 353 1258 ges.

245 1261 486 1294 Frmnentarius
500 1262 592 1301 locus,
612 1260 702 1292 unde
719 1260 880 1293 frumenti
898 1271 951 1291 co-

287 1305 345 1344 pia
372 1308 425 1335 est
453 1304 485 1336 G
514 1304 536 1344 i,
559 1307 611 1335 10.
648 1303 868 1342 frumentarii,
892 1304 950 1345 qui

286 1345 492 1377 frumentum
510 1346 694 1386 adportant
711 1347 740 1377 G
761 1347 829 1385 viii,
844 1349 897 1377 35.

245 1388 381 1421 Frustra
394 1389 520 1419 mittere
534 1390 641 1428 telum,
665 1389 754 1430 quod
777 1398 844 1420 uon
870 1388 950 1420 ferit

288 1431 520 1462 adversarium
539 1431 571 1462 G
587 1431 637 1470 iii,
651 1434 684 1463 4.

245 1473 416 1513 Fugitivus
429 1483 478 1505 sc.
494 1473 590 1504 miles
608 1474 638 1505 G
657 1474 681 1512 i,
697 1476 750 1505 23.

246 1516 403 1554 Fundere,
426 1515 563 1547 vincere
580 1516 713 1556 praelio,
737 1514 887 1555 efficere,
911 1521 949 1547 ut

289 1557 467 1598 diffugiant
482 1559 514 1590 G
531 1559 553 1595 i,
569 1561 623 1589 4-1.
660 1559 798 1596 fundere
809 1560 950 1600 glandes,

287 1601 469 1639 schmelzen,
483 1601 605 1639 giessen
619 1599 676 1632 Af.
691 1603 744 1633 20.

247 1643 405 1675 Funditor
420 1643 451 1674 G
467 1643 504 1682 ii,
521 1646 554 1674 7.

246 1685 365 1716 Fusius
376 1685 491 1724 argilla
507 1685 539 1715 G
554 1694 587 1724 v,
602 1687 656 1717 43.

246 1727 448 1759 fustuarium
465 1727 499 1759 H
516 1729 569 1758 27.

586 1855 619 1887 G

250 1940 380 1971 Gaesum
395 1938 427 1971 G
444 1939 493 1978 iii,
508 1943 539 1971 4.

250 1982 360 2013 Galea.
384 1980 439 2013 Cf.
458 1982 601 2012 Induere.

251 2024 395 2062 Galeari,
410 2024 506 2064 galea
522 2023 617 2055 indui
632 2022 691 2056 Af.
709 2026 760 2056 12.

251 2067 393 2098 Gemella
407 2066 487 2106 tegio
504 2067 531 2098 C
548 2067 598 2105 iii,
618 2069 652 2098 4.

251 2109 446 2149 Generatim,
461 2118 521 2149 per
535 2113 654 2150 gentes
667 2119 693 2140 s.
705 2109 873 2148 nationes,
889 2108 954 2140 sin-

293 2152 383 2191 gulae
400 2157 519 2190 gentes
534 2156 570 2183 et
585 2152 741 2184 nationes
758 2152 954 2193 singulatim

295 2194 328 2225 G
355 2193 377 2232 i,
403 2196 455 2224 51.
490 2193 548 2224 ubi
577 2194 610 2224 in
637 2195 805 2234 metaphr.
829 2205 878 2235 gr.
903 2198 955 2226 est

292 2234 373 2266 κατὰ
384 2234 496 2275 φυλάς.
521 2235 575 2268 Cf.
591 2236 622 2267 G
636 2237 694 2276 vii,
705 2240 756 2268 19.
770 2242 805 2268 et
817 2237 955 2268 Homer.

293 2277 394 2309 Iliad.
413 2279 448 2318 ii,
464 2281 538 2310 362.
557 2279 614 2309 ubi
631 2279 711 2311 κατὰ
726 2280 811 2319 φῦλα
825 2284 861 2311 et
875 2278 957 2310 κατὰ

293 2319 431 2361 φρήτρας
475 2325 526 2352 est
569 2323 758 2361 generatim,
806 2322 955 2363 singulos

294 2363 438 2404 populos
453 2367 488 2394 et
503 2363 650 2403 singulas
673 2369 792 2404 gentes
813 2364 957 2404 singula·

295 2406 369 2438 tim.
411 2405 612 2446 Explicatur
649 2406 711 2437 hoc
745 2407 778 2438 G
807 2407 866 2443 vii,
902 2409 956 2438 28.

296 2447 372 2478 aliis
387 2448 512 2488 verbis,
538 2448 646 2489 cuique
661 2449 786 2480 civitati
806 2459 862 2480 sua
884 2459 958 2489 pars

293 2493 466 2521 castrorum
511 2490 674 2522 obvenerat
685 2502 697 2527 ;
737 2497 838 2522 erant
874 2501 956 2532 ergo

295 2533 483 2573 generatim
505 2533 679 2565 distributi
709 2543 771 2574 per
800 2538 956 2565 castra—

296 2576 367 2606 Per
382 2575 516 2615 singula
531 2585 658 2615 genera
672 2576 842 2607 hominum
857 2580 892 2608 et
906 2586 956 2608 re-

295 2627 383 2657 rum,
410 2618 437 2649 C
454 2618 500 2658 iii,
524 2621 576 2649 32.
613 2618 695 2650 Gen.
714 2619 837 2659 gratias
852 2629 957 2659 agere,

296 2659 435 2700 singulis
451 2660 644 2692 auditorum
669 2662 852 2703 generibus
877 2663 904 2694 C
921 2662 957 2703 ii,

297 2703 359 2748 21:
396 2711 472 2733 nam
510 2703 673 2745 deinceps
715 2709 957 2737 enumerantur

295 2742 425 2784 singula
440 2753 554 2777 eorum
573 2756 712 2789 genera,
741 2747 860 2789 quibus
884 2757 956 2788 gra-

902 195 1062 226 INDEX

1033 287 1097 319 tias
1112 287 1196 328 egit.

991 330 1108 370 Genus,
1125 340 1218 372 gens,
1233 329 1326 361 natio
1342 329 1373 361 G
1391 328 1436 369 iv,
1451 331 1483 360 3.
1499 329 1557 370 vii,
1570 333 1625 363 22.

991 373 1120 412 Gerere,
1133 373 1258 413 geritur
1277 371 1348 414 (fit)
1368 372 1401 404 in
1417 372 1526 403 castris
1541 373 1572 405 G
1590 373 1614 413 i,
1638 377 1691 407 17.

1032 426 1100 455 quae
1114 416 1151 446 de
1167 426 1199 446 eo
1213 419 1300 455 gesta
1317 418 1415 455 erant,
1441 415 1472 446 ei
1499 416 1693 448 acciderant

1033 457 1152 530 (A3fviii‚
1178 460 1230 490 39.
1258 457 1327 488 vid.
1355 461 1424 490 not.
1445 468 1511 498 proe
1532 468 1565 489 se
1584 469 1693 498 gerere

993 541 1105 582 Glans,
1120 541 1286 583 globulus,
1306 541 1363 583 qui
1379 541 1484 573 sunda
1499 542 1591 574 mitti
1606 543 1695 574 solet

1036 585 1067 615 G
1084 595 1116 622 v,
1132 587 1185 616 43.
1200 583 1260 623 vii,
1277 587 1330 616 81.
1354 583 1410 615 Af.
1425 586 1479 615 20.
1513 585 1695 617 Interdum

1035 627 1142 658 literis
1159 627 1323 667 inscripta
1339 626 1540 658 mittebatur
1557 628 1591 658 H
1610 631 1661 659 13.

995 668 1124 700 Grande
1138 679 1245 709 saccea,
1267 679 1286 700 a
1302 669 1535 710 magnitudine
1558 679 1696 701 concre-

1036 715 1147 742 torum
1164 712 1374 752 globulorum
1389 711 1447 742 Af.
1464 714 1516 742 47.

997 752 1144 783 Gratiam
1169 753 1298 793 referre,
1325 754 1358 784 in
1383 758 1515 794 partem
1551 753 1699 785 deterio-

1038 804 1122 832 rem,
1154 796 1242 826 male
1273 801 1406 835 gratum
1436 806 1507 827 esse
1535 796 1567 827 G
1596 797 1619 834 i,
1644 798 1699 828 35.

1034 837 1175 876 gratiam
1190 837 1371 879 (favorem,
1387 837 1551 879 amorem)
1572 839 1702 877 alimqp'us

1037 880 1113 910 velle
1130 879 1161 911 G
1179 879 1224 919 iv,
1239 882 1271 910 7.

998 921 1115 952 Grai-is
1129 921 1283 961 fortuna„
1302 921 1345 953 de
1367 931 1489 962 magna
1510 921 1645 953 miseria
1667 923 1700 954 G

1040 964 1062 1002 i,
1088 967 1140 995 32.
1182 965 1311 1004 gravior
1336 968 1427 1003 «etas,
1456 965 1499 995 de
1521 969 1702 996 senectute

1041 1007 1074 1038 G
1103 1007 1151 1046 iii,
1180 1010 1232 1038 16.
1274 1017 1372 1045 grare
1396 1007 1470 1047 quid
1490 1010 1639 1048 statuere,
1657 1007 1702 1040 de

1042 1058 1143 1089 poena
1158 1049 1189 1081 G
1207 1050 1229 1087 i,
1242 1052 1295 1080 20.
1313 1059 1411 1088 grat-e
1422 1050 1594 1090 navigium,
1604 1060 1704 1082 onus-

1045 1097 1114 1122 tum
1133 1092 1164 1123 G
1181 1102 1213 1132 v,
1227 1095 1260 1123 7.

1003 1133 1155 1165 Gravitas
1175 1135 1325 1174 civitatis,
1348 1144 1443 1175 opes,
1459 1143 1535 1175 quae
1552 1134 1582 1166 ei
1599 1134 1705 1175 digni-

1045 1180 1151 1207 tatem
1169 1178 1353 1208 conciliant
1371 1178 1403 1209 G
1421 1178 1465 1216 iv,
1482 1180 1513 1208 3.

1003 1218 1167 1259 Graviter,
1185 1219 1297 1250 verbis
1313 1219 1365 1258 iis,
1383 1229 1457 1260 quae
1475 1220 1523 1250 rei
1540 1219 1705 1260 magnitu-

1044 1261 1158 1292 dinem
1175 1261 1457 1293 demonstrante
1485 1262 1508 1301 i,
1536 1265 1588 1292 16.
1629 1271 1706 1300 gra-

1042 1304 1125 1334 ¹citer
1153 1305 1191 1335 de
1218 1304 1320 1344 aliquo
1344 1304 1490 1342 judicare
1525 1304 1552 1335 C
1582 1304 1616 1344 ii,
1649 1306 1704 1335 32.

1040 1347 1183 1385 graviter
1219 1348 1389 1387 decernere,
1430 1346 1473 1378 de
1518 1346 1705 1388 asperitate

1043 1389 1223 1420 sententiae
1242 1389 1270 1421 C
1287 1390 1308 1429 i,
1326 1392 1377 1421 15.

1003 1430 1153 1470 Grumus,
1178 1432 1273 1464 collis
1302 1432 1335 1463 H
1363 1435 1395 1462 8.
1441 1432 1557 1463 Caesar
1570 1434 1707 1462 terreum

1041 1475 1193 1505 tumulum
1217 1474 1392 1514 appellare
1416 1475 1515 1505 solet.
1562 1473 1681 1504 Festus
1697 1484 1707 1504 ε

1045 1516 1193 1556 Grumns,
1208 1520 1302 1548 terroe
1317 1517 1465 1557 collectio,
1489 1516 1588 1547 minor
1605 1519 1705 1547 tumu-

1043 1560 1089 1589 lo.-
1117 1569 1192 1599 quae
1221 1559 1325 1590 verba
1354 1560 1468 1591 locum
1494 1560 1640 1590 alterum
1669 1558 1705 1589 H

1044 1603 1097 1633 24.
1113 1601 1298 1633 illustrant.

1335 1728 1370 1760 H

1004 1812 1115 1844 Habeo
1130 1816 1268 1845 coactum
1284 1812 1316 1844 G
1335 1813 1358 1852 i,
1376 1816 1427 1845 15.
1470 1813 1565 1845 habeo
1588 1814 1706 1845 redem-

1045 1859 1112 1887 tum
1127 1857 1159 1888 G
1176 1857 1199 1896 i,
1226 1858 1276 1888 18.
1320 1855 1415 1887 habeo
1440 1866 1558 1888 necesse
1583 1856 1639 1887 hoc
1652 1856 1710 1894 sa-

1045 1908 1112 1930 cere
1127 1898 1185 1930 Af.
1202 1901 1254 1930 39.
1298 1899 1393 1930 haheo
1412 1899 1473 1930 iter
1495 1899 1610 1939 aliquo,
1635 1908 1709 1939 pos-

1047 1951 1121 1972 sum
1137 1951 1177 1972 eo
1193 1941 1260 1972 iter
1275 1940 1390 1972 facere
1413 1943 1440 1974 C
1463 1941 1512 1981 iii,
1537 1945 1588 1973 11.
1632 1950 1709 1972 con-

1045 1983 1150 2014 tendo
1176 1984 1263 2015 eoC
1290 1983 1314 2022 i,
1352 1986 1405 2013 51.
1450 1984 1498 2024 iii,
1532 1986 1605 2015 106.
1648 1993 1711 2014 non

1045 2025 1153 2056 habuit
1176 2024 1344 2066 (putavit)
1364 2024 1492 2057 dubium
1510 2026 1545 2057 H
1561 2028 1614 2056 29.
1659 2035 1712 2056 res

1046 2067 1139 2098 habet
1166 2070 1294 2099 celerem
1322 2071 1354 2098 et
1379 2068 1553 2099 instabilem
1582 2071 1710 2108 motum,

1048 2114 1200 2141 mutatur
1232 2111 1408 2142 celerrime
1439 2111 1472 2142 G
1502 2111 1548 2151 iv,
1573 2113 1627 2143 24.
1662 2109 1710 2143 cf.

1049 2153 1226 2183 Processus.
1481 2183 1484 2186 ⁴

1007 2193 1161 2235 Harpago
1189 2194 1222 2226 G
1248 2194 1306 2235 vii,
1332 2198 1385 2226 81.
1410 2195 1438 2227 C
1461 2196 1484 2235 i,
1511 2198 1566 2227 67.
1593 2194 1628 2226 Η
1655 2198 1709 2227 16.

1049 2242 1183 2276 contus,
1206 2247 1293 2269 unco
1309 2237 1423 2269 ferreo
1439 2237 1611 2278 praefixus,
1632 2247 1711 2269 auc-

1050 2284 1125 2311 tore
1140 2280 1237 2311 Livio
1253 2289 1336 2320 xxx,
1352 2283 1405 2312 10.
1416 2280 1459 2312 cf.
1477 2280 1571 2320 xxiv,
1586 2282 1639 2312 34.
1653 2279 1711 2311 In-

1049 2322 1201 2353 serviunt
1215 2323 1424 2363 harpagones
1447 2323 1552 2354 muris
1576 2323 1710 2354 diruen-

1049 2365 1116 2404 dis,
1130 2370 1167 2396 et
1181 2365 1323 2396 navibus
1339 2366 1558 2397 attrahendis.
1584 2365 1711 2396 Viden-

1051 2412 1107 2438 tur
1138 2407 1396 2448 quodammodo,
1423 2409 1450 2439 si
1477 2418 1544 2439 non
1571 2418 1647 2448 usu,
1673 2411 1711 2438 at

1049 2449 1180 2481 fabrica
1197 2460 1216 2481 a
1232 2461 1324 2482 manu
1331 2450 1443 2488 ferrea
1458 2450 1595 2482 differre
1610 2461 1620 2488 3
1643 2448 1708 2480 etsi

1050 2492 1131 2524 mibi
1147 2493 1282 2534 quidem
1299 2502 1366 2525 non
1383 2498 1520 2525 constat
1535 2493 1576 2524 de
1592 2490 1708 2522 discri-

1049 2535 1150 2566 mine.
1173 2536 1304 2566 Plinius
1322 2536 1369 2569 H.
1386 2537 1429 2568 N.
1445 2536 1492 2575 ix,
1509 2538 1549 2566 57
1565 2538 1653 2565 extr.
1671 2536 1708 2563 et

1051 2578 1164 2610 Caesar
1178 2579 1219 2609 B.
1239 2579 1277 2609 C.
1295 2578 1319 2618 i,
1342 2582 1394 2610 57.
1427 2583 1605 2617 utrumque
1635 2584 1709 2605 ver-

1051 2620 1130 2652 bnm
1158 2621 1418 2661 conjunxerunt,
1448 2618 1537 2660 quod
1570 2626 1636 2665 uon
1663 2617 1709 2647 vi-

1049 2663 1173 2695 dentur
1199 2663 1373 2695 commode
1408 2661 1540 2700 fecisse,
1567 2669 1595 2690 si
1633 2659 1706 2707 haec

1049 2706 1116 2737 duo
1140 2705 1339 2746 simpliciter
1361 2703 1502 2736 eandem
1527 2711 1597 2733 rem
1621 2702 1707 2733 indi·

1050 2752 1179 2781 carent.
1223 2746 1278 2780 Cf.
1308 2746 1458 2779 Frontin.
1491 2745 1638 2786 Strateg.
1672 2743 1706 2777 G
