1872 3104
236 167 344 208 lxxii

237 273 417 310 Transferre
436 284 468 304 se
493 276 533 305 ad
558 276 653 304 ulium
680 275 837 315 restitum,
862 285 932 306 mu·

281 320 354 346 tare
372 321 482 347 vestes
505 316 559 347 Af.
580 319 632 347 57.

241 358 430 397 Transjicere
467 359 582 390 milites
608 360 741 399 «flatum,
779 360 933 391 transdu-

281 409 372 441 cere,
400 401 522 442 jubcre
545 402 687 433 transire
716 404 743 434 C
760 403 782 443 i,
807 406 859 443 54,
880 406 934 442 55,

241 486 460 524 Transmissus,
477 487 652 528 trajectus,
677 488 783 520 subst.
800 488 831 520 G
849 499 881 528 v,
904 492 936 527 2,

243 571 464 609 Trans-portare
478 571 646 601 exercitum
662 571 763 603 then.
781 573 812 604 G
826 573 870 612 iv,
888 576 938 604 lli.

243 613 471 644 Transcendere
484 612 606 650 vallem,
633 613 740 644 multa
763 623 840 645 cum
868 625 938 646 mo-

283 654 441 684 lestiaire
458 663 519 693 per
534 655 659 685 vallem
675 656 702 686 C
719 656 742 695 i,
758 658 811 686 68.

244 697 406 735 Transtra,
437 696 549 727 trabes
579 697 737 736 confixae,
762 698 796 728 in
821 699 940 739 quibus

284 739 429 779 remiges
446 739 567 770 sedent
584 739 616 771 G
634 740 681 780 iii,
698 743 748 771 13-

244 782 514 813 Transversarium
543 783 676 822 tignum,
713 789 941 815 transversum

284 825 312 858 C
326 825 349 856 ii
377 828 428 857 15.

245 849 403 900 Tribunus
417 867 551 898 cohortis
568 867 594 899 C
611 868 646 908 ii,
658 871 711 900 20.

248 910 386 942 Trichila
411 910 439 942 C
455 910 502 949 iii,
517 913 570 941 96.

247 953 368 984 Trieris
381 953 480 991 nat-is,
494 952 628 994 τριήρης,
646 953 793 985 triremis
817 953 876 986 Af.
889 957 941 985 4-1.

248 996 351 1035 Trini,
368 1000 436 1027 tres
451 996 483 1027 G
499 995 520 1035 i,
536 998 589 1027 53.

249 1038 432 1078 Triquetrns
443 1038 474 1069 G
493 1048 524 1077 v,
540 1040 591 1069 13.

248 1080 451 1112 Tristimonia
465 1079 523 1110 Af.
548 1083 601 1111 10.

250 1122 451 1154 Tumultuari
464 1131 553 1164 pass.
571 1122 604 1155 G
618 1122 676 1163 vii,
691 1126 745 1155 61.

250 1165 459 1197 Tumultuarii
471 1165 598 1207 milites,
613 1166 737 1208 raptim
752 1166 888 1198 collecti
914 1166 945 1198 A

252 1251 362 1282 Turris
382 1251 466 1282 villae
488 1250 545 1282 Af.
558 1254 611 1283 40.
655 1255 759 1283 turres
777 1252 809 1284 in
836 1262 872 1284 re
888 1251 948 1283 mi-

292 1294 395 1334 litari,
433 1303 516 1335 quas
559 1294 743 1335 descripsit
782 1296 950 1336 Vegetius

292 1337 338 1376 iv,
368 1340 400 1368 7.
443 1342 604 1368 constant
633 1337 785 1369 trabibus
800 1349 808 1375 ;
852 1338 951 1378 plura

290 1378 421 1411 habent
447 1379 612 1420 tabulata,
627 1383 666 1411 ut
688 1384 834 1421 quatuor
851 1382 883 1412 G
907 1381 952 1420 vi,

290 1425 346 1453 29.
392 1422 426 1452 in
466 1422 588 1463 quibus
625 1429 865 1463 oppugnantes
903 1424 951 1455 sic

292 1464 394 1496 divisi
406 1468 512 1504 stant,
539 1469 576 1496 ut
593 1465 626 1496 in
645 1475 773 1497 summo
800 1467 878 1506 sint,
895 1467 952 1507 qui

295 1507 367 1538 tela
391 1507 546 1545 mittunt,
577 1509 610 1538 in
637 1507 865 1548 inferioribus,
896 1510 953 1550 qui

293 1559 425 1581 murum
448 1550 617 1591 quatiunt,
641 1556 678 1581 et
693 1556 811 1591 ponte,
829 1551 885 1592 qui
901 1556 954 1582 est

294 1592 329 1623 in
345 1591 443 1631 turri,
460 1596 637 1623 transeunt
657 1593 690 1623 in
705 1602 838 1632 muros;
863 1593 951 1624 altis·

293 1634 389 1666 simae
412 1634 584 1666 interdum
602 1639 694 1675 sunt,
711 1641 749 1666 ut
775 1645 888 1667 muros
905 1646 955 1666 su-

297 1682 442 1717 perent;
481 1676 657 1717 quadratae
695 1678 822 1717 potius,
854 1688 955 1719 quam

297 1718 475 1756 rotundae3
500 1719 754 1750 constituuntur
770 1720 804 1750 in
833 1730 956 1761 aggere

298 1767 336 1793 nt
366 1761 558 1802 promoveri
586 1761 729 1802 possint,
760 1767 796 1793 et
819 1763 959 1794 altiore:

298 1805 367 1836 sint
397 1804 428 1835 G
446 1803 480 1844 ii,
509 1806 563 1834 30.
617 1804 716 1834 turris
741 1805 959 1845 ambulatoria,

299 1857 374 1889 quae
392 1846 474 1878 rotis
492 1845 657 1886 subjectis
673 1856 691 1877 e
708 1847 781 1878 loco
796 1847 830 1878 in
847 1847 959 1879 locum

297 1888 505 1921 transfertur
519 1899 546 1920 s.
560 1894 778 1929 promovetur
794 1889 825 1921 A
838 1894 869 1921 2.
894 1891 960 1921 Ex-

299 1931 393 1973 iguas
421 1930 537 1970 fnisse,
566 1941 640 1971 quae
669 1931 701 1962 G
721 1941 755 1971 v,
770 1934 823 1963 40.
870 1942 959 1964 com-

300 1977 545 2014 memorantur,
560 1982 579 2004 e
597 1973 776 2005 celeritate
791 1974 960 2007 aedifican-

303 2017 336 2048 di
354 2020 510 2057 apparet.

263 2059 408 2091 Turricus
424 2059 602 2099 elephantus
619 2057 676 2090 Af.
693 2060 746 2089 30.

265 2102 376 2134 Talai-i
390 2101 539 2141 inopiam,
557 2100 600 2131 ab
616 2111 657 2132 ea
680 2105 772 2132 tutos
794 2106 961 2141 praestare

304 2144 455 2176 homines
473 2144 501 2175 C
517 2143 540 2181 i,
555 2146 607 2174 52.
641 2143 697 2175 Sic
714 2143 875 2181 defendere
890 2146 964 2185 tela,

304 2190 414 2218 oestum
435 2185 495 2227 (ab
511 2185 654 2227 aliquo).

564 2315 654 2355 U,v

274 2402 408 2448 locare:
427 2400 498 2440 agri
512 2403 621 2431 vacant
635 2398 754 2431 ineolis
770 2403 805 2431 et
823 2400 920 2431 cultu
935 2399 968 2431 G

274 2447 408 2526 Vtigiiuas,
426 2486 519 2517 nullo
546 2490 642 2517 certo
658 2485 796 2526 negotio
822 2493 968 2525 occupa-

275 2527 486 2602 Ιαξίιὶῒηέπὰίἓνη
500 2582 510 2602 .·
547 2573 669 2602 tenetur
692 2570 877 2608 vadimonio,
900 2570 971 2612 qui,

315 2613 404 2645 datis
421 2613 576 2653 vadibus,
591 2613 760 2655 injudicio
773 2621 970 2654 comparere

315 2656 498 2688 obstrictus
517 2661 569 2688 est
585 2656 617 2688 A
631 2659 684 2688 49.

282 2697 407 2736 vadum,
433 2699 526 2730 locus
541 2697 648 2739 fluvii,
669 2699 726 2731 ubi
755 2699 890 2730 transiri
914 2707 971 2739 po-

321 2743 388 2771 test
403 2740 433 2772 G
451 2740 516 2780 ἰ,6.
540 2740 585 2773 cf.
611 2751 642 2775 c.
660 2745 691 2774 8.
714 2742 803 2784 loca,
815 2751 882 2775 non
894 2741 972 2775 altis

890 181 1048 212 iNDEX

1028 275 1121 316 aquis
1136 273 1242 306 offusa
1264 274 1295 307 G
1313 274 1362 315 iii,
1378 278 1429 306 12.
1476 275 1575 307 Unde
1591 277 1682 308 vado-

1026 328 1094 349 sum
1124 328 1219 358 mare,
1235 328 1300 349 non
1327 318 1532 359 profundum
1547 319 1573 351 C
1588 319 1612 359 i,
1627 321 1680 350 25.

992 360 1105 399 Valles,
1119 361 1146 390 is
1162 361 1194 392 G
1211 361 1269 399 vii,
1285 364 1336 393 47.
1356 372 1387 393 ν.
1405 361 1565 392 Oudend.
1589 361 1631 392 ad
1648 361 1681 392 h.

1027 403 1050 433 1.
1065 402 1108 433 de
1123 403 1185 434 hac
1202 402 1309 435 forma
1323 404 1534 435 nominativi.

993 445 1108 483 Vallns,
1134 446 1228 484 palus
1252 446 1283 477 G
1302 447 1358 485 vii,
1381 449 1434 477 73.
1469 446 1512 478 cf.
1536 446 1686 478 scindere.

1029 487 1097 517 Sed
1127 488 1153 517 C
1183 487 1230 527 iii,
1251 491 1292 519 63
1328 494 1363 520 et
1393 489 1423 520 A
1438 492 1468 520 2.
1505 490 1604 520 vallus
1631 494 1685 521 est

1033 539 1095 569 pro
1109 534 1243 566 neutro,
1257 531 1382 569 vallum,
1399 532 1559 570 positum.

995 572 1125 603 vastare
1148 576 1262 603 terram
1279 573 1406 611 civibus,
1432 583 1551 613 pecore,
1569 583 1688 604 vacue-

1033 614 1147 646 facere
1160 615 1191 646 G
1204 615 1274 653 viii,
1288 618 1341 646 24.
1365 616 1461 655 Virg.
1479 615 1554 646 AEn.
1569 617 1639 656 viii,
1656 620 1687 647 δ.

1035 659 1043 672 ‘
1062 662 1199 688 vastant
1215 657 1405 689 cultoribus
1423 658 1547 697 agros.'

996 699 1176 738 Vectigalis,
1193 701 1249 741 qui
1274 700 1422 741 vectigal
1440 700 1569 732 solvere
1597 705 1691 732 tene-

1035 746 1091 771 tur
1107 742 1139 773 G
1156 741 1202 781 iii,
1217 745 1248 773 8.
1654 763 1657 766 <

998 782 1113 819 Vectis,
1129 790 1262 824 contus,
1279 785 1321 815 ad
1344 786 1486 816 levanda
1503 790 1538 816 et
1564 794 1694 826 promo-

1035 825 1147 856 venda
1170 835 1275 857 onera
1298 827 1325 857 C
1344 828 1379 867 ii,
1408 831 1459 858 11.
1493 828 1561 868 (ein
1587 827 1694 859 Hebe:

1035 867 1137 907 baum,
1152 878 1194 899 tm
1209 868 1332 907 levier.)

1000 910 1142 942 Vectoria
1157 911 1256 950 navis,
1267 910 1427 943 oneribus
1443 911 1606 943 vehendis
1623 911 1697 944 des-

1038 954 1149 984 tinata
1163 953 1195 985 G
1214 964 1246 993 v,
1261 956 1292 986 8.
1316 953 1360 985 cf.
1385 954 1480 986 Suet.
1498 954 1568 987 Jul.
1585 956 1639 986 63.

1000 996 1149 1035 Vectnrae,
1162 996 1287 1027 Fuhren
1301 998 1328 1028 C
1343 997 1390 1036 iii,
1406 1000 1459 1037 32,
1474 1000 1527 1029 42.
1542 1008 1544 1012 ’

1000 1039 1084 1071 Velle
1110 1039 1244 1079 aliquem
1265 1040 1393 1080 aliquid,
1411 1040 1453 1071 ab
1470 1050 1510 1071 eo
1527 1039 1699 1081 postulare

1039 1081 1070 1113 G
1088 1082 1111 1121 i,
1129 1084 1182 1114 34.

1001 1125 1112 1155 Venire
1127 1125 1160 1155 in
1176 1134 1270 1165 spem,
1296 1126 1475 1166 concipere
1493 1134 1589 1166 spem
1604 1124 1633 1156 G
1654 1123 1702 1164 iii,

1040 1170 1072 1198 6.
1117 1169 1221 1198 venire
1236 1168 1269 1198 in
1281 1169 1449 1199 cruciatum
1462 1168 1493 1200 G
1509 1169 1531 1208 i,
1546 1170 1599 1198 31.

1003 1209 1108 1240 Vereri
1123 1210 1229 1249 alicui,
1242 1210 1413 1241 solicitum
1426 1220 1501 1242 esse
1517 1210 1561 1241 de
1574 1210 1704 1250 aliquo,

1042 1261 1085 1282 ne
1104 1250 1262 1283 damnum
1290 1253 1406 1293 capiat
1419 1253 1450 1284 G
1466 1262 1499 1293 v,
1516 1255 1548 1284 9.

1007 1294 1211 1333 Vergobretus
1227 1295 1259 1326 G
1277 1295 1300 1336 i,
1318 1299 1369 1327 16.

1007 1338 1176 1368 l'ernacula
1187 1338 1278 1378 legio,
1293 1348 1369 1378 quae
1385 1341 1521 1370 constat
1536 1336 1704 1378 indigenis

1046 1379 1076 1411 A
1089 1383 1144 1419 53,
1168 1383 1209 1411 54
1233 1381 1267 1412 H
1284 1383 1337 1411 20.

1007 1423 1159 1454 Versare:
1179 1422 1314 1461 fortuna
1329 1433 1379 1454 eos
1393 1424 1438 1454 sic
1449 1422 1583 1454 versavit
1595 1422 1627 1453 in
1644 1431 1707 1452 cer-

1046 1465 1172 1504 tamine,
1196 1463 1326 1504 effecit‚
1342 1470 1380 1496 ut
1396 1465 1496 1496 modo
1510 1466 1586 1503 hoc,
1605 1463 1706 1495 modo

1048 1508 1131 1538 illud
1162 1507 1203 1539 iis
1238 1507 1425 1548 accideret,
1456 1512 1493 1538 ut
1522 1517 1584 1548 per
1614 1507 1707 1538 vices

1047 1550 1173 1581 auxilio
1189 1555 1341 1591 egerent,
1356 1555 1391 1581 et
1405 1550 1566 1582 auxilium
1579 1548 1709 1580 ferrent

1048 1592 1079 1624 G
1097 1603 1129 1632 v,
1145 1595 1199 1624 44.

1009 1635 1123 1666 Versus
1134 1646 1143 1664 :
1172 1635 1296 1666 Uticam
1310 1644 1415 1665 versus
1422 1638 1528 1675 petere
1540 1632 1599 1665 Af.
1622 1637 1653 1664 7.
1669 1635 1709 1664 ad

1048 1677 1182 1707 insulam
1209 1686 1312 1707 versus
1339 1676 1398 1708 Af.
1428 1680 1456 1708 8.
1483 1678 1525 1708 ad
1554 1677 1711 1708 Oceanum

1048 1729 1154 1750 versus
1166 1719 1198 1750 G
1208 1719 1254 1758 vi,
1270 1722 1322 1750 32.

1012 1761 1138 1801 Verum,
1155 1771 1287 1803 aequum
1302 1762 1333 1793 G
1351 1762 1396 1799 iv,
1411 1766 1441 1793 8.

1013 1804 1160 1835 Ver-utum
1184 1805 1215 1835 G
1229 1807 1328 1843 ν,44.
1375 1805 1437 1835 Est
1453 1814 1558 1845 genus
1579 1803 1716 1844 jaculis

1013 1847 1187 1886 Vestigium
1215 1847 1373 1887 temporis,
1400 1852 1566 1888 punctum
1582 1851 1712 1887 tempo-

1054 1889 1100 1920 ris
1116 1890 1147 1920 G
1166 1888 1222 1929 vii,
1243 1892 1284 1920 25
1320 1890 1347 1922 C
1365 1890 1399 1928 ii,
1425 1891 1479 1921 26.
1503 1888 1548 1920 cf.
1574 1888 1647 1920 Cic.
1676 1889 1711 1920 in

1054 1931 1129 1963 Pis.
1146 1942 1177 1963 c.
1194 1935 1227 1963 9.
1253 1941 1269 1962 e
1292 1932 1435 1971 vestigio,
1452 1932 1581 1969 statim,
1598 1936 1634 1961 ut
1660 1940 1715 1962 ex-

1055 1975 1167 2014 templo
1183 1974 1214 2004 G
1232 1974 1276 2013 iv,
1293 1978 1311 2004 5
1337 1974 1364 2006 C
1382 1974 1416 2014 ii,
1443 1977 1494 2005 12.
1517 1975 1620 2005 eodem
1646 1983 1712 2004 ves-

1051 2016 1144 2055 tig-io,
1161 2016 1188 2047 C
1200 2015 1234 2055 ii,
1249 2019 1281 2047 7.

1016 2058 1135 2089 Vestire
1145 2057 1249 2089 trabes
1269 2068 1396 2098 aggere,
1413 2058 1588 2099 obtegere,
1617 2057 1715 2089 obru-

1054 2111 1111 2132 ere
1126 2105 1218 2132 terra
1232 2101 1263 2132 G
1281 2101 1338 2140 vii,
1351 2104 1405 2132 23.

1019 2144 1171 2174 Vexillum
1183 2153 1354 2184 proponere
1367 2147 1447 2174 ante
1463 2143 1616 2183 praelium
1633 2143 1666 2174 G
1681 2141 1718 2182 ii,

1059 2189 1101 2217 20
1136 2186 1169 2217 Η
1187 2189 1241 2217 27.
1264 2190 1302 2217 et
1315 2186 1427 2217 vexillo
1447 2186 1573 2226 signum
1597 2187 1672 2216 dare
1689 2185 1717 2217 C

1061 2229 1109 2266 iii,
1123 2231 1165 2260 89
1189 2228 1221 2260 A
1239 2231 1293 2260 45.
1336 2229 1509 2259 Vexillum
1525 2232 1579 2259 est
1604 2227 1719 2259 velum

1062 2271 1182 2311 minus,
1227 2271 1309 2311 tela,
1357 2271 1512 2310 linteum,
1553 2280 1572 2301 e
1615 2274 1717 2302 conto

1062 2323 1273 2354 suspensum,
1311 2313 1413 2354 idque
1444 2314 1595 2352 rubrum,
1627 2311 1724 2354 quod·

1063 2356 1264 2397 proponitur
1312 2356 1347 2387 in
1395 2356 1546 2387 tentorio
1598 2354 1724 2386 summi

1061 2399 1159 2431 ducis
1188 2397 1403 2440 (Praetorio),
1417 2404 1455 2430 ut
1464 2398 1615 2439 undique
1644 2405 1720 2428 con-

1062 2442 1150 2482 spici
1189 2442 1309 2482 possit.
1368 2441 1436 2472 sed
1464 2446 1500 2472 et
1536 2439 1719 2482 praefertur

1061 2483 1240 2523 militibus,
1269 2485 1302 2515 in
1338 2484 1591 2525 expeditionem
1620 2479 1719 2527 prosp

1061 2526 1291 2558 ciscentibus:
1315 2527 1404 2558 unde
1430 2526 1484 2558 sul>
1507 2525 1619 2557 vexillo
1633 2522 1719 2554 mim

1065 2569 1096 2601 G
1111 2570 1158 2609 vi,
1172 2572 1225 2601 36.

1026 2612 1093 2643 Viae
1121 2616 1303 2651 castrorum,
1330 2611 1519 2648 intervalla,
1549 2608 1638 2638 inter
1664 2615 1716 2638 or-

1065 2654 1160 2686 dines
1176 2655 1397 2686 tentoriornm
1414 2653 1445 2684 G
1461 2662 1492 2691 v,
1503 2653 1556 2682 49.

1027 2698 1150 2737 Viator,
1171 2697 1228 2737 qui
1245 2698 1278 2728 in
1292 2697 1414 2727 itinere
1437 2698 1490 2725 est
1511 2693 1543 2724 G
1557 2702 1589 2731 v,
1602 2695 1633 2722 5.

1027 2740 1121 2773 Vicus
1142 2740 1238 2780 urbis,
1254 2746 1410 2770 numerus
1423 2740 1536 2768 certus
1561 2731 1718 2767 aedificio-
