1872 3104
236 162 350 219 i890
664 182 703 216 s.
735 184 873 215 cmm
906 182 1259 216 cOMMEN'rARn

233 293 305 326 est.
360 284 660 336 conjurationes
693 290 827 322 contra
859 297 898 321 se
918 284 1175 334 deprehensas
1205 297 1283 322 non
1314 285 1508 335 praevenit,
1530 284 1597 323 sed
1617 285 1689 326 nibt

231 358 342 391 notas
360 364 441 389 esse
465 350 682 388 admonuit:
714 349 811 386 male
841 349 889 386 de
910 361 949 386 se
979 348 1229 398 loquentibus
1249 347 1369 386 edixit
1390 356 1432 386 ut
1451 348 1688 390 desinerent:

231 421 378 456 statuas
413 415 530 453 Sullae
554 421 669 464 atque
693 413 867 464 Pompeji
887 426 909 450 a
944 415 1118 450 Romana
1149 413 1264 463 plebe
1283 413 1479 463 depositas
1497 412 1690 458 restituit3

230 491 303 518 nec
324 491 461 530 passus
481 483 537 515 est
557 477 737 515 extinctis
759 477 934 514 hostibus
955 490 1092 514 nocere
1113 476 1282 513 savorem
1303 489 1427 520 suum,
1449 477 1514 526 qui
1534 476 1692 514 viventi-

231 543 306 582 bus
327 556 402 580 non
422 549 591 580 noceret.
650 541 828 591 Denique
848 554 980 579 omnes
1001 540 1050 589 inj
1060 540 1157 577 urias
1177 539 1353 577 omnibus
1375 541 1534 577 remisit:
1566 553 1691 591 neque

229 607 324 646 alibi
344 619 459 656 quam
479 605 518 641 in
556 604 690 654 proelio
711 605 867 654 periisse
896 605 1045 655 aliquos
1079 617 1232 642 suorum
1267 604 1437 641 hostium
1465 611 1598 642 notum
1618 611 1690 650 est,

229 669 305 708 nisi
326 668 527 707 Afranium
564 674 606 705 ut
639 669 856 717 perhibent,
890 676 926 707 et
962 670 1142 706 Faustum
1177 669 1335 713 Sullam,
1368 681 1414 705 ac
1436 669 1479 704 L.
1500 668 1692 706 Caesarem

224 735 431 784 juvenem:
462 744 687 783 quanquam
705 738 742 769 et
763 732 842 769 duo
862 734 970 781 primi
992 740 1154 783 accepta
1175 733 1288 770 semel
1315 732 1422 770 venia
1442 732 1690 782 postmodum

230 797 494 842 rebellassent,
515 802 552 834 et
578 795 625 833 de
644 808 777 833 eornm
797 801 919 833 morte
939 793 1085 833 ²⁹alteri
1115 797 1336 846 scripserint
1355 796 1421 846 qui
1442 796 1557 832 rebus
1578 796 1691 834 inter-

229 861 409 901 fuerunt:
433 867 470 898 et
486 860 620 898 tertius
640 872 768 897 servos
789 859 951 897 Caesaris
971 872 1016 897 ac
1038 859 1192 897 libertos
1214 859 1313 896 ferro
1333 868 1371 897 et
1391 860 1468 910 igni
1487 859 1695 898 crudeliter

230 932 448 970 enecassem
472 924 539 962 sed
561 937 606 962 ne
627 924 696 961 hos
717 923 874 973 quidem
897 936 966 961 suo
982 924 1110 973 jussu,
1131 923 1236 961 ³0sed
1259 936 1447 961 consensu
1470 923 1693 962 interfectos

231 989 374 1034 dicant,
397 989 462 1039 qui
483 994 659 1026 asserunt
680 994 768 1038 post
789 987 988 1024 victoriam
1009 987 1244 1025 interfectos.
1300 988 1399 1025 Cum
1421 1000 1511 1024 vero
1533 988 1697 1038 petenti·

234 1053 305 1091 bus
340 1053 530 1103 sigillatim
565 1052 779 1101 ignovisset,
801 1050 1005 1088 novissime
1026 1051 1212 1089 universis
1232 1051 1347 1089 etiam
1376 1064 1450 1088 non
1474 1051 1692 1101 petentibus

233 1116 382 1154 veniam
403 1115 524 1159 dedit,
542 1129 587 1152 ae
610 1115 801 1153 licentiam
822 1115 860 1151 in
883 1114 1031 1152 Italiam
1049 1114 1250 1161 redeundi,
1271 1122 1388 1166 atque
1408 1117 1455 1154 ad
1478 1117 1642 1153 honores
1656 1123 1696 1154 et

231 1180 389 1230 imperia
411 1180 513 1218 bello
532 1180 763 1230 praeclusum
785 1178 932 1216 aditum
959 1179 1122 1228 aperuit,
1143 1179 1347 1216 ostendens
1375 1180 1515 1225 verbis,
1534 1187 1584 1225 et,
1607 1193 1694 1230 quae

229 1245 381 1282 mentiri
414 1245 596 1289 nesciunt,
630 1244 759 1289 rebus,
790 1243 937 1281 nullum
971 1257 1010 1281 se
1031 1244 1182 1282 hostem
1215 1250 1305 1294 post
1338 1243 1523 1282 bellorum
1545 1245 1694 1283 exitum

231 1309 390 1346 habere:
421 1308 469 1346 de
491 1322 569 1359 quo
590 1308 740 1354 Cicero,
761 1309 830 1346 etsi
859 1314 947 1359 post
977 1309 1062 1358 ejus
1094 1308 1290 1345 interitum
1311 1308 1563 1358 obloquatur,
1586 1310 1693 1361 quod

229 1372 370 1410 invitus
402 1372 509 1423 lego:
540 1378 670 1410 tamen
702 1377 791 1410 ante
824 1371 878 1410 sic
912 1371 1083 1410 dixerat:
1115 1378 1125 1393 ‘
1145 1371 1328 1410 Videmus
1359 1380 1461 1410 tuam
1498 1374 1695 1422 ³¹gloriam

231 1436 452 1486 proeliorum
473 1436 578 1473 exitu
598 1435 856 1481 terminatam,
877 1435 1046 1486 gladium
1068 1436 1203 1486 vagina
1235 1450 1401 1475 vacuum
1421 1438 1458 1474 in
1488 1438 1595 1476 Urbe
1616 1451 1693 1476 non

232 1500 419 1538 vidimus:
450 1512 548 1550 quos
581 1499 776 1537 amisimus
810 1499 927 1545 cives,
960 1513 1026 1538 eos
1060 1501 1195 1539 Martis
1228 1501 1284 1539 vis
1314 1502 1484 1552 pertulit,
1523 1515 1601 1540 non
1640 1503 1694 1540 ira

230 1564 420 1602 victoriae:
452 1564 506 1601 Ut
527 1563 706 1601 dubitare
738 1563 879 1602 debeat
902 1577 1030 1610 nemo,
1067 1565 1159 1615 quin
1190 1566 1347 1611 multos,
1378 1566 1407 1603 si
1441 1565 1522 1604 fieri
1551 1573 1693 1617 posset,

230 1629 275 1666 C.
298 1630 430 1667 Caesar
460 1629 509 1666 ab
541 1629 670 1666 inferis
702 1629 901 1675 excitaret,
936 1630 1118 1679 quoniam
1151 1644 1198 1668 ex
1231 1631 1364 1669 eadem
1385 1631 1468 1668 acie
1489 1638 1694 1669 conservat

230 1705 329 1743 quos
351 1694 519 1743 potestz’
547 1691 660 1744 [QGS]
689 1693 771 1731 haec
802 1693 972 1731 ³21evitas
1005 1700 1042 1731 et
1075 1694 1112 1731 hi
1148 1708 1272 1733 mores
1302 1695 1467 1733 Caesaris
1488 1695 1554 1745 qui
1587 1696 1694 1734 illum

228 1757 347 1794 totius
369 1757 527 1794 humani
547 1758 694 1807 generis
715 1770 844 1795 amore
875 1757 1141 1808 dignissimum
1172 1758 1299 1797 facere
1323 1758 1572 1805 ‹lebuissent3
1604 1760 1692 1805 sibi,

229 1821 337 1871 quod
373 1821 561 1871 suspicari
581 1821 739 1872 quidem
761 1822 865 1866 licet,
894 1822 1101 1871 perniciem
1130 1823 1359 1861 attulerunt:
1390 1824 1492 1861 visus
1511 1830 1568 1861 est
1588 1823 1691 1861 euim

229 1891 315 1923 tuto
335 1885 424 1922 laedi
444 1898 569 1936 posse,
592 1886 659 1936 qui
680 1885 809 1923 omnia
828 1886 1004 1923 omuibus
1025 1886 1238 1937 indulgere,
1261 1888 1353 1925 nihil
1386 1887 1526 1925 soleret
1547 1888 1694 1934 uicisci,

230 1954 429 1998 praetentae
459 1956 585 1986 tamen
607 1949 690 1986 aliae
709 1963 837 1988 causae
858 1956 968 1988 sunt:
999 1958 1038 1988 et
1069 1951 1182 1988 facile
1214 1958 1268 1988 est
1289 1964 1424 1989 causas
1448 1952 1504 1989 vel
1526 1951 1694 1990 invenire

229 2013 289 2050 vel
311 2012 467 2064 fingere.
525 2014 734 2064 Objiciunt
767 2014 820 2051 illi
855 2015 1112 2060 insolentiam,
1145 2016 1207 2052 cui
1243 2021 1344 2053 certe
1375 2015 1561 2064 adjuncta
1594 2015 1694 2054 solet

229 2077 490 2124 ³³01·udelitas,
513 2093 614 2130 quae,
648 2087 690 2117 ut
723 2079 909 2130 34linquit,
941 2080 990 2118 ab
1021 2080 1086 2117 illo
1116 2080 1228 2130 longe
1262 2080 1376 2117 afuit:
1409 2088 1450 2118 ut
1481 2081 1526 2118 sit
1561 2086 1691 2118 autem

229 2142 329 2179 mitis
349 2143 562 2189 insolentia,
584 2144 690 2194 quod
722 2145 783 2181 vix
814 2158 894 2183 esse
922 2151 1065 2195 posset,
1086 2145 1308 2196 ³⁵praefecto
1330 2152 1437 2183 tanta
1458 2151 1546 2195 post
1568 2145 1692 2182 victo-

228 2206 300 2243 rias
323 2207 486 2245 desierat
507 2221 591 2246 esse
612 2206 842 2255 ³⁶mi1abilis,
865 2216 903 2246 et
922 2216 1114 2259 gestarum
1136 2222 1261 2247 rerum
1282 2209 1520 2247 conscientia
1540 2207 1696 2245 levaba-

231 2275 306 2308 tur.
350 2272 495 2308 Dicunt
514 2285 600 2309 eum
623 2273 792 2321 ingratus
812 2272 831 2291 ³⁴²·
853 2285 929 2309 non
951 2273 1024 2310 sibi
1043 2279 1203 2317 tantum,
1222 2272 1288 2310 sed
1309 2273 1403 2317 aliis,
1427 2279 1563 2322 praeter
1576 2270 1692 2320 patrii

229 2334 345 2372 moris
383 2336 668 2372 observantiam
708 2337 961 2386 impertitum:
994 2338 1130 2374 nimios
1166 2337 1238 2373 sibi
1275 2337 1438 2374 honores
1475 2349 1690 2386 usurpasse,

230 2398 453 2436 continuum
489 2401 746 2446 consulatum,
769 2409 993 2449 perpetuam
1029 2402 1259 2438 dictaturam
1290 2414 1335 2437 ac
1365 2413 1580 2444 censuram,
1603 2412 1694 2449 cog-

229 2474 367 2500 nomen
390 2463 625 2513 imperatoris
658 2477 703 2501 ac
738 2466 857 2514 patris
886 2465 1032 2516 pati-ite,
1056 2479 1141 2516 quoe
1176 2472 1265 2516 post
1297 2479 1382 2503 eum
1418 2465 1547 2503 multis
1578 2464 1689 2512 longe

272 2578 314 2605 29
338 2577 443 2617 Lege,
474 2578 588 2608 ulnera>
624 2580 664 2607 30
691 2579 791 2617 Lege,
816 2581 964 2609 sem—31
992 2579 1108 2616 Forte,
1132 2579 1310 2609 victorium:
1335 2579 1382 2610 sic
1408 2577 1526 2608 Cicero
1553 2585 1614 2615 pro
1640 2575 1691 2606 M.

232 2626 463 2660 marech-<32
488 2631 594 2671 Lege,
612 2631 817 2662 [eninm-33
842 2630 988 2661 Videtur
1006 2631 1211 2672 addendum,
1228 2634 1386 2663 essa—34
1410 2631 1512 2669 Lege,
1538 2629 1691 2669 [ἅμα.-

235 2683 275 2711 35
299 2681 401 2723 Lege,
414 2683 550 2722 projecto
565 2687 767 2715 tantam—36
791 2685 893 2725 Lege,
905 2694 978 2716 esse.
1023 2685 1170 2717 Mirabui
1182 2689 1340 2725 gesturum
1354 2693 1457 2714 rerum
1473 2681 1668 2714 conscicntia.
