1872 3104
229 177 340 220 1892
659 187 695 217 J.
728 185 863 216 CELSI
898 183 1250 214 COMMEN‘I'ARII

228 292 368 328 Graeee
405 287 548 337 scripta
584 291 665 324 erat
694 286 777 322 haec
807 283 1016 322 sententia:
1050 282 1415 331 ‘Quandocumque
1448 293 1530 318 ossa
1565 281 1680 330 Cupis

228 353 384 391 detecta
417 356 558 395 essent,
580 349 660 386 sore
689 355 729 386 ut
760 348 850 385 Julo
885 354 1094 396 prognatus
1130 359 1244 382 manu
1278 358 1432 382 suorum
1466 350 1681 390 necaretur,

228 417 341 468 [270]
375 416 597 464 magnisque
619 426 705 449 mox
741 411 859 449 ltaliae
885 411 1060 447 cladibus
1093 410 1376 446 vin‹lic·‹u·etm·.'
1430 410 1559 446 Potest
1581 409 1681 446 enim

228 493 309 518 esse
329 493 387 517 res
408 478 594 521 fabulosa,
617 476 789 526 ‹piamvis
809 489 890 512 eain
926 474 1132 510 Suetonius
1160 473 1407 522 'stampiillus
1430 472 1611 517 allirmet;
1643 477 1683 510 et

228 543 447 582 Cornelium
487 541 648 576 Balbum
688 540 850 577 Caesaris
886 538 1216 576 t'ainiliarissiinum
1253 537 1445 586 producat
1477 544 1685 574 auctorem.

229 608 380 645 Omitto
411 616 542 654 greges
571 616 759 652 equorum
793 604 828 638 in
862 602 1091 650 trajiciendo
1124 601 1324 637 Rubicone
1356 608 1614 644 consecratos,
1646 605 1685 637 et

230 670 356 720 vagari
376 669 455 706 sine
488 666 651 704 custode
680 666 884 714 permissos
917 666 1019 702 eirca
1050 665 1148 701 diem
1170 664 1301 709 caedis,
1322 670 1358 700 et
1392 664 1536 713 pabulo
1569 663 1686 701 absti-

228 743 376 776 nentes,
404 737 442 769 et
472 729 647 779 lacrymis
678 734 876 765 manantes
906 728 1099 765 uberibus.
1157 728 1306 764 Omitto
1345 728 1517 777 plurimis
1552 727 1683 765 hostiis

228 810 303 834 non
326 796 493 839 litatum,
527 800 566 831 et
599 791 773 842 Spurinae
794 790 979 840 aruspicis
1000 790 1165 826 monitus
1195 791 1352 838 periculi
1383 792 1625 837 imminentis,
1647 797 1687 829 et

228 859 453 911 regaliolum
487 870 596 896 axem
628 857 666 893 in
699 855 939 905 Pompeiana
974 853 1079 891 curia
1110 866 1132 890 a
1163 853 1318 890 diversis
1346 845 1600 892 ⁵¹vulneribus
1621 855 1686 893 de-

229 930 415 974 cerptam.
471 921 621 959 Omitto
655 932 764 958 suum
798 925 835 956 et
870 917 997 954 uxoris
1031 930 1108 955 suae
1143 931 1332 963 somnum,
1353 923 1392 955 et
1425 931 1511 967 qum
1540 918 1687 956 suntid

229 1001 346 1038 genus
366 987 506 1032 omnia,
528 998 616 1035 quae
636 997 657 1021 a
677 985 758 1021 viro
779 991 854 1021 tam
876 982 1006 1027 docto,
1032 992 1108 1019 tam
1138 982 1379 1031 magnanimo
1404 981 1494 1030 jure
1525 981 1686 1032 optimo,

229 1051 301 1089 nisi
319 1051 443 1096 fallor,
462 1050 588 1100 sperni
608 1053 811 1099 poterant:
844 1046 908 1084 sed
930 1053 1022 1084 tunc
1043 1047 1158 1095 vulgo
1179 1046 1371 1083 observari
1391 1046 1490 1090 talia,
1512 1045 1628 1083 immo
1648 1050 1688 1084 et

230 1114 437 1165 praecaveri
458 1116 583 1151 ⁵²mox
604 1119 698 1150 erat.
757 1110 855 1148 Illud
888 1116 990 1147 certe
1020 1109 1295 1159 sapientissimo
1326 1109 1416 1146 duei
1446 1109 1580 1147 oeulos
1601 1121 1688 1159 ape-

231 1179 352 1216 ruisse
371 1178 571 1222 debuerat,
608 1175 714 1227 quod
751 1181 790 1213 et
822 1174 923 1211 fama
960 1173 1104 1210 ⁵³caede
1137 1173 1175 1211 in
1206 1173 1343 1222 vulgus
1376 1174 1497 1211 effusa
1529 1180 1623 1218 erat,
1646 1179 1690 1211 ut

232 1242 337 1293 quod
366 1242 476 1280 multi
506 1246 703 1286 noverant,
724 1240 786 1277 ille
819 1252 929 1283 unus,
953 1238 1064 1287 eujus
1097 1251 1156 1275 res
1189 1238 1387 1287 agebatur,
1422 1238 1483 1274 vix
1518 1239 1688 1287 ignorare

231 1307 419 1355 potuerit:
449 1313 487 1343 et
505 1305 554 1343 ad
575 1306 705 1343 locum
735 1317 813 1341 sum
839 1302 971 1340 mortis
991 1301 1096 1339 eunti
1129 1300 1322 1351 ⁵⁴*quidem
1342 1301 1479 1338 obvius
1499 1301 1563 1339 sed
1583 1302 1690 1352 igno-

232 1376 295 1408 tus
316 1370 546 1420 scripturam
567 1368 720 1414 obtulit,
742 1380 819 1418 qua
839 1366 1069 1404 monebatur
1084 1379 1131 1403 ne
1152 1366 1200 1403 ad
1222 1370 1382 1402 mortem
1406 1366 1493 1402 iret:
1523 1365 1691 1415 accepit-

233 1447 308 1484 que
329 1434 432 1471 illam
453 1446 522 1471 nec
543 1432 718 1483 perlegit,
741 1431 805 1468 sed
827 1430 1025 1480 scripturis
1045 1429 1125 1467 aliis
1147 1442 1241 1479 quas
1263 1429 1413 1466 sinistra
1433 1443 1544 1467 manu
1566 1435 1689 1479 gesta-

235 1497 314 1542 bat,
338 1498 446 1547 quasi
469 1498 594 1535 statim
616 1502 751 1547 postea
772 1496 941 1533 lecturus
970 1494 1192 1539 immiscuit,
1214 1506 1300 1542 qum
1327 1501 1459 1543 postea
1489 1507 1578 1531 eum
1607 1494 1688 1531 aliis

233 1568 291 1598 est
310 1561 476 1599 inventa.
533 1561 581 1598 Et
602 1561 688 1597 hinc
709 1565 816 1596 ortus
836 1558 979 1595 dicitur
999 1571 1079 1595 mos
1100 1557 1159 1594 ille
1178 1558 1372 1607 praecipue
1392 1558 1624 1607 principum,
1648 1565 1689 1596 ut

234 1637 387 1662 omnem
410 1624 636 1674 scripturam
666 1623 739 1660 sibi
771 1622 941 1659 oblatam
974 1621 1176 1659 confestim
1207 1622 1349 1671 legant.
1405 1622 1596 1659 Caeterum
1630 1622 1688 1660 tiis

233 1694 349 1737 atque
387 1688 471 1724 aliis
509 1689 602 1725 moti
637 1686 794 1737 quidam
829 1686 1046 1734 opinantur,
1081 1686 1271 1723 Caesarem
1309 1693 1348 1722 et
1385 1692 1545 1724 mortem
1581 1699 1691 1725 suam

232 1752 494 1801 ⁵⁵praestitisse
515 1758 551 1788 et
580 1751 634 1789 sic
656 1751 752 1788 mori
772 1750 955 1787 voluisse:
987 1762 1071 1787 nam
1094 1757 1130 1786 et
1151 1749 1254 1799 apud
1277 1750 1578 1799 Xenophontem
1599 1763 1690 1788 cum

233 1815 324 1865 Cyri
345 1814 441 1865 regis
460 1820 621 1852 mortem
642 1820 680 1851 et
699 1813 980 1851 ordinationem
1004 1813 1172 1850 ultimam
1193 1814 1401 1862 aliquando
1422 1814 1574 1863 legeret,
1596 1827 1690 1852 con-

234 1878 387 1927 tempsit
408 1879 553 1916 lentum
573 1891 617 1915 ac
646 1877 869 1926 languidum
902 1876 1033 1913 mortis
1059 1890 1197 1926 genus:
1229 1885 1267 1915 et
1287 1878 1409 1928 pridie
1428 1891 1542 1927 quam
1563 1891 1690 1917 more-

234 1949 340 1979 retur
359 1949 443 1979 orta
463 1943 558 1979 inter
578 1954 728 1978 etenum
751 1941 943 1977 mentione
977 1941 1024 1978 de
1056 1942 1206 1990 optimo
1232 1955 1367 1991 genere
1390 1942 1586 1988 nun-iendi,
1608 1944 1689 1993 ipse

236 2013 398 2043 mortem
421 2006 584 2043 subitam
606 2006 964 2056 inexpectatmmpie
985 2006 1225 2053 praetulerat:
1256 2013 1293 2043 et
1315 2006 1350 2042 in
1372 2006 1595 2056 quotidiano
1615 2020 1690 2045 ser-

234 2083 346 2107 mone
369 2083 471 2119 saepe
492 2070 620 2107 (licere
641 2070 773 2107 solitus
796 2069 1006 2106 ferebatur:
1030 2070 1140 2118 [271]
1172 2075 1181 2089 ‘
1199 2070 1300 2107 Satis
1321 2069 1385 2106 diu
1407 2084 1445 2107 se
1465 2071 1523 2107 vel
1542 2078 1691 2110 naturae

236 2134 372 2171 vixisse
407 2135 466 2170 vel
501 2135 628 2185 gloria·
643 2136 667 2170 ι’
697 2133 823 2183 eujus,
860 2133 896 2169 in
933 2133 1116 2170 Oratione
1149 2147 1217 2182 pro
1252 2135 1308 2172 M.
1330 2135 1531 2179 Marcello,
1553 2135 1690 2173 Cicero

235 2198 425 2235 meminit:
459 2198 697 2249 56utriunque
717 2211 758 2234 ea
779 2211 838 2234 res
860 2197 1018 2233 credita.
1051 2198 1179 2234 Cacsar
1200 2197 1334 2234 Idibus
1356 2197 1506 2235 Martiis
1527 2198 1689 2235 turbatae

236 2261 464 2299 valetudinis
503 2276 619 2299 eausa
657 2261 894 2311 aliquamdiu
933 2260 1037 2297 domi
1076 2261 1269 2305 detentus,
1304 2262 1460 2298 tandem
1496 2262 1544 2298 D.
1569 2263 1689 2298 Bruto

236 2324 413 2363 hortante
453 2339 496 2363 ue
536 2332 803 2375 expectantem
838 2331 1011 2361 senatum
1051 2324 1305 2369 frustraretur,
1342 2325 1388 2361 ad
1425 2325 1585 2362 multum
1615 2325 1690 2362 (liei

238 2389 399 2438 ⁵⁷spatii,
423 2389 512 2426 liora
535 2390 680 2426 scilicet
704 2389 849 2437 quinta,
873 2389 971 2424 venit
994 2388 1029 2423 in
1051 2389 1194 2424 curiam
1212 2388 1502 2437 Pompeianam,
1525 2402 1612 2438 qum
1633 2397 1691 2427 est

238 2451 414 2502 ⁵³Trapei
447 2453 553 2503 rupis
584 2453 620 2490 in
654 2453 782 2497 latere,
811 2451 1095 2501 expeditionem
1118 2452 1304 2489 l‘articam
1337 2454 1462 2490 animo
1493 2454 1687 2503 cogitans:

282 2616 319 2643 51
349 2616 461 2655 Forte,
487 2617 697 2649 oen·il›11s.—52
722 2620 825 2655 Lege,
853 2620 1013 2648 mos—53
1039 2618 1141 2657 Lege,
1171 2618 1359 2647 c‹z‹1is.-—54
1384 2616 1486 2655 Lege,
1508 2614 1688 2654 quidam.—

240 2671 279 2697 55
307 2668 408 2707 nge,
435 2671 725 2709 1n·‹escivissc.-5u
757 2671 873 2711 Forte,
900 2673 1146 2711 utcunque-«57
1182 2671 1284 2710 Lege,
1311 2669 1540 2708 spatium.-5e
1575 2668 1690 2709 Forte,

243 2720 390 2761 Turpejct.
