1872 3104
247 188 342 230 lviii

291 291 469 334 impediat,
490 291 711 323 excusatione
728 292 777 323 uti
806 292 837 323 G
856 292 878 331 i,
893 295 946 324 42.

287 335 480 375 interponere
509 336 604 365 alicui
631 334 743 374 fidem,
775 334 807 365 ei
843 334 947 365 fidem

290 377 406 409 facere
422 377 584 417 jurando,
602 376 805 408 obtestando
821 376 852 407 G
869 386 901 415 v,
915 379 946 408 6.

286 420 471 461 interposita
496 420 641 459 suspicio,
679 419 819 460 injecta,
855 419 948 450 cxci-

290 467 364 494 tata
380 462 422 492 ab
446 461 519 492 aliis
537 462 569 492 G
586 463 632 500 iv,
645 464 697 492 31.

247 505 475 544 Inter-rumpere
486 507 621 543 pontem,
635 503 831 535 rescindere
846 503 877 536 G
891 503 949 542 vii,

248 587 474 620 Interscindere
487 589 626 626 pontem,
642 586 850 625 rescindere,
866 587 898 617 G
914 586 950 626 ii,

291 633 322 661 9.
365 628 588 666 interscindere
602 638 762 668 aggerem,
787 629 857 669 ejus
875 638 951 669 par-

291 676 362 703 tem
379 671 513 702 diruere
529 671 561 702 G
578 670 634 710 vii,
646 673 700 701 24.

249 715 413 746 Intextum
435 713 600 744 viminibus
625 715 757 752 scutum,
775 715 908 743 textum
932 721 951 743 e

293 755 476 787 viminibus
492 756 522 786 G
540 756 574 794 ii,
589 757 644 786 33.

250 799 460 830 Intoleranter
485 798 583 838 sequi,
598 796 776 837 acerrime,
803 800 842 827 ut
866 796 954 827 alter

292 841 545 872 vehementiam
573 840 747 881 sequentis
773 839 830 870 vix
860 837 952 870 ferre

294 883 405 924 possit
421 883 453 915 G
467 883 527 923 vii,
542 885 595 913 51.

252 926 385 958 Intersit
400 926 514 966 aliquis
539 926 650 963 talum,
665 923 754 955 talus
769 923 843 963 ejus
860 923 956 954 luxa-

296 972 350 1000 tus
375 972 428 1000 est
454 968 488 1000 H
505 970 558 999 38.
603 967 738 998 intortus
752 967 846 1006 tatus,
868 965 954 996 ibid.

254 1053 390 1084 Intritus
415 1053 453 1083 ab
479 1052 591 1092 labore,
606 1061 673 1082 non
698 1051 835 1082 attritus
859 1048 958 1081 s.de-

297 1095 451 1126 bilitatus
467 1094 583 1125 labore
601 1094 633 1125 G
648 1093 698 1133 iii,
710 1096 764 1124 26.

254 1137 400 1169 Invenire
415 1146 454 1167 ex
481 1137 593 1176 aliquo,
617 1144 840 1176 cognoscere,
867 1143 956 1176 quae-

298 1180 406 1211 rendo
423 1179 613 1219 comperire
632 1179 664 1209 G
682 1178 718 1217 ii,
736 1181 786 1208 16.

255 1223 392 1263 Invisus,
408 1231 475 1254 non
490 1226 571 1254 ante
600 1221 716 1253 oculos
733 1220 863 1262 positus
879 1220 906 1252 C
923 1219 960 1260 ii,

261 1307 403 1338 Invitare
418 1307 446 1338 C
463 1307 485 1346 i,
501 1309 554 1338 7-1.

258 1350 400 1381 Involare
416 1350 448 1380 in
463 1350 596 1389 aliquem
611 1347 643 1379 A
659 1350 713 1379 52.

255 1392 383 1423 Inutilis
394 1393 434 1423 ad
447 1401 597 1432 pugnam,
615 1391 657 1421 de
675 1389 788 1430 pueris
808 1389 840 1421 G
859 1387 894 1428 ii,
911 1391 963 1420 16.

298 1435 422 1507 Roxius
439 1433 498 1466 Af.
514 1437 568 1466 54.
612 1433 784 1468 inutiliter,
800 1432 964 1463 damnose

258 1519 440 1557 Iri-aliciae,
466 1528 527 1550 non
543 1518 718 1558 inridicule,
744 1516 825 1548 satis
851 1515 965 1548 facete

296 1562 335 1593 G
362 1563 384 1600 i,
401 1564 454 1592 42.

260 1603 439 1644 Irrumpere
461 1606 597 1643 pontem,
612 1611 782 1643 occupare
799 1601 827 1633 C
843 1601 866 1642 i,
880 1603 932 1632 16.

261 1647 327 1686 lta,
343 1657 404 1677 uon
425 1646 472 1676 ita
487 1647 620 1676 mullum
636 1646 667 1677 G
686 1655 719 1684 v,
734 1647 787 1676 47.

261 1690 330 1719 Iter
345 1689 392 1719 z're
409 1687 468 1719 Af.
486 1692 518 1725 6,
549 1691 602 1718 75.

264 1731 396 1769 Iterum,
415 1730 603 1760 secundum
619 1729 652 1759 G
668 1728 691 1767 i,
705 1730 758 1759 44.

261 1773 393 1804 Judicia
413 1773 542 1803 reddere
557 1772 590 1803 in
611 1771 756 1811 aliquem,
782 1768 826 1802 de
843 1778 895 1809 eo,
912 1768 969 1811 qui

299 1816 357 1856 jus
372 1815 455 1846 dicit
472 1815 499 1846 C
516 1815 550 1854 ii,
566 1817 619 1845 18.

263 1859 386 1897 Jugum
412 1867 530 1897 currus,
555 1857 661 1895 locus,
684 1865 750 1896 quo
773 1864 890 1887 currus
920 1857 970 1885 teÎ‡

308 1899 399 1932 moni
419 1901 578 1940 jungitur
595 1899 626 1930 G
640 1899 685 1937 iv,
701 1901 754 1929 33.
798 1897 973 1936 subjugum

308 1943 446 1981 mittere,
483 1943 568 1972 ritus
597 1940 876 1980 contumeliosus,
906 1948 972 1979 quo

311 1985 498 2023 indicatur,
512 1985 626 2015 hostes
642 1983 751 2013 victos
765 1986 801 2012 et
814 1983 848 2012 in
872 1981 974 2012 servi-

312 2032 420 2059 tutem
437 2026 593 2057 rcdactos
605 2035 679 2057 esse
692 2026 724 2056 G
739 2024 763 2064 i,
778 2027 811 2062 7,
824 2026 876 2054 12.
902 2023 974 2053 De-

310 2069 450 2110 scripsit
463 2068 580 2101 Livius
608 2068 702 2107 Giii,
731 2070 784 2098 28.
808 2065 853 2099 cf.
878 2065 926 2105 ix,
942 2069 974 2106 5,

268 2156 411 2194 Jungere
425 2163 534 2194 equum
559 2163 646 2194 equo,
661 2152 815 2193 proxime
829 2150 974 2192 aliquem

314 2197 515 2237 adequitare
533 2197 564 2227 G
583 2196 650 2235 viii,
664 2198 717 2226 48.

269 2240 429 2278 Jum'ores,
456 2239 512 2280 qui
540 2243 678 2270 aetatem
708 2236 891 2268 militarem
919 2235 976 2266 lia-

321 2283 403 2314 bent
418 2282 449 2313 G
465 2282 525 2318 vii,
543 2285 572 2312 1.
599 2282 626 2312 C
643 2281 688 2320 iii,
704 2283 777 2310 102.
796 2279 869 2310 Liv.
885 2278 908 2317 i,
922 2280 976 2309 43.

315 2325 462 2364 Dionys.
492 2324 607 2354 Halic.
633 2333 667 2363 p.
693 2325 768 2354 221.
800 2321 856 2352 ed.
883 2320 977 2361 sylb.

317 2367 366 2398 sic
384 2366 515 2406 definit,
542 2366 600 2407 qui
616 2365 763 2396 nondum
786 2363 979 2404 attigerunt

317 2419 442 2440 annum
471 2409 584 2440 aetatis
607 2409 762 2450 quintum
784 2411 820 2438 et
835 2405 978 2447 quadra-

321 2451 498 2492 gesimum.

277 2497 348 2526 dus.
366 2493 411 2525 cf.
425 2495 535 2525 Adire.

275 2539 369 2568 Justa
395 2547 498 2575 causa,
527 2535 660 2576 idonea,
700 2538 843 2575 propter
880 2542 980 2574 quam

319 2589 501 2619 meremur,
525 2583 563 2610 ut
588 2578 716 2618 aliquid
743 2577 804 2609 fiat
827 2577 859 2609 G
879 2576 902 2615 i,
925 2577 979 2607 43.

313 2622 436 2659 justum
451 2622 513 2653 diei
530 2622 602 2661 iter,
614 2621 685 2652 vid.
701 2621 743 2652 ad
760 2621 787 2651 C
802 2620 849 2659 iii,
864 2622 917 2650 76.

280 2664 374 2694 Justa
396 2664 547 2702 funebria
571 2664 602 2696 G
618 2664 663 2705 vi,
679 2667 730 2696 19.
766 2662 819 2695 Cf.
842 2661 982 2694 Mantis-

325 2715 406 2738 sam.

885 199 1042 230 INDEX

1339 333 1370 365 L

1000 419 1105 451 Labor
1135 417 1246 459 operis,
1271 418 1427 450 molestia
1459 417 1631 450 muniendi
1661 421 1698 451 et

1043 460 1261 501 oppugnandi
1278 462 1308 492 G
1327 461 1384 500 vii,
1400 464 1455 500 20,
1472 464 1524 492 28.

1002 504 1205 541 morantes,
1221 503 1277 543 qui
1293 503 1480 543 periculum
1505 504 1559 533 vix
1586 502 1700 543 prohi-

1045 547 1125 578 bere
1142 549 1283 586 possunt
1299 545 1331 576 G
1348 545 1372 583 i,
1387 548 1440 575 52.
1486 546 1605 576 laborat
1633 545 1699 576 ani-

1044 599 1105 627 mo,
1122 588 1242 628 quovis
1266 587 1366 619 modo
1390 591 1488 618 curat
1512 592 1548 618 et
1572 588 1702 628 cogitat

1045 631 1076 662 G
1094 631 1151 669 vii,
1165 633 1217 661 31.

1002 673 1106 704 Labra
1114 673 1208 711 sossae
1230 672 1262 703 G
1279 671 1336 710 vii,
1350 675 1402 704 72.
1440 675 1476 702 et
1488 672 1591 711 poculi
1606 671 1638 703 G
1656 671 1703 711 vi,

1045 718 1098 745 28.
1121 720 1200 746 sunt
1216 715 1396 753 margines.

1003 757 1166 788 Lacessere
1182 758 1299 787 hostem
1313 757 1432 796 proelio,
1450 755 1584 796 sagittis
1606 755 1705 795 jacu-

1047 800 1155 839 lisque
1171 798 1390 839 conjicicndis
1405 803 1463 829 aut
1476 797 1706 838 adequitando

1046 841 1182 871 irritare
1198 841 1330 870 hostem
1344 845 1380 870 et
1396 849 1530 880 cogere,
1545 844 1583 870 ut
1599 849 1634 870 se
1649 840 1706 870 de-

1046 882 1166 914 fendat
1196 882 1227 914 G
1242 883 1263 921 i,
1285 885 1337 922 15,
1360 884 1414 913 23.
1458 883 1602 912 lacessere
1628 891 1709 921 prae-

1049 926 1136 965 lium,
1151 925 1320 956 lacessere
1344 924 1459 956 hostes
1487 924 1530 955 ad
1554 923 1709 966 praelium

1049 968 1082 998 G
1099 968 1145 1007 iv,
1162 970 1215 999 34.

1006 1011 1143 1042 Loetatio
1159 1010 1192 1041 G
1209 1020 1242 1049 v,
1254 1012 1309 1042 52.

1007 1053 1201 1091 Languidus,
1215 1052 1355 1083 timidus
1371 1051 1402 1082 A
1420 1054 1473 1082 25.

1007 1096 1152 1136 Lanista,
1168 1095 1394 1136 gladiatorum
1407 1093 1568 1134 magister
1584 1092 1642 1125 Af.
1657 1095 1711 1124 71.

1010 1180 1161 1219 Largiter
1174 1189 1271 1221 posse,
1286 1179 1430 1210 multum
1445 1178 1561 1209 valere
1573 1178 1604 1209 G
1621 1177 1643 1216 i,
1659 1179 1712 1208 18.

1053 1223 1087 1252 in
1114 1232 1164 1262 gr.
1193 1222 1361 1262 metaphr.
1377 1226 1443 1259 est,
1456 1222 1608 1251 Ï€Î»Îµá¿–ÏƒÏ„Î¿Î½
1623 1219 1711 1251 Î´á½»Î½Î±-

1052 1276 1116 1295 Ï„Î±Î¹.
1163 1265 1297 1303 largiter
1309 1264 1462 1303 consequi,
1484 1263 1543 1294 Af.
1559 1266 1613 1294 72.

1011 1307 1178 1338 Laureatoe
1201 1308 1301 1337 literce
1317 1309 1346 1336 et
1362 1306 1466 1344 fasces
1491 1307 1518 1337 C
1535 1305 1581 1344 iii,
1597 1307 1651 1336 71.

1012 1350 1138 1380 Laaeare
1153 1349 1260 1389 aciem,
1277 1349 1325 1380 ita
1340 1349 1465 1379 milites
1480 1349 1663 1387 collocare,
1679 1349 1718 1378 nt

1057 1402 1099 1423 ne
1118 1393 1261 1433 amplius
1279 1391 1376 1422 densi
1391 1395 1485 1422 stent
1501 1391 1532 1422 G
1548 1391 1584 1429 ii,
1596 1392 1650 1421 25.

1014 1435 1162 1475 Legatus,
1200 1435 1374 1475 proximus
1412 1434 1454 1464 ab
1505 1433 1717 1472 Imperatore

1059 1479 1156 1517 Dux,
1178 1477 1248 1518 qui,
1275 1486 1315 1507 eo
1347 1475 1490 1506 absente
1513 1480 1549 1506 et
1582 1474 1718 1504 nomine

1059 1521 1147 1560 ejus,
1161 1529 1211 1550 res
1228 1519 1315 1560 gerit
1330 1518 1362 1549 G
1379 1518 1401 1557 i,
1418 1521 1468 1549 10.
1506 1517 1590 1557 Ejus
1605 1515 1719 1547 officia

1060 1564 1087 1594 C
1103 1563 1150 1601 iii,
1167 1565 1219 1592 51.
1264 1560 1425 1602 hybernis
1442 1559 1628 1600 praeficitur
1645 1559 1677 1589 G
1696 1558 1720 1597 i,

1059 1608 1112 1636 54.
1137 1614 1213 1635 cum
1230 1603 1388 1644 praesidio
1416 1602 1620 1642 relinquitur
1635 1601 1668 1632 G
1685 1599 1721 1639 ii,

1060 1651 1092 1678 6.
1116 1646 1207 1678 Quid
1223 1647 1253 1676 ei
1268 1646 1410 1675 absente
1427 1644 1632 1683 imperatore
1653 1651 1722 1673 non

1060 1689 1165 1720 liceat
1183 1689 1214 1719 G
1232 1688 1279 1727 iii,
1297 1690 1349 1718 17.
1395 1685 1536 1725 Legatus
1555 1695 1612 1727 pro
1635 1685 1724 1717 Prae-

1062 1734 1128 1761 tore
1145 1731 1176 1762 G
1194 1731 1216 1770 i,
1231 1733 1285 1761 21.

1019 1773 1151 1804 Lenitas
1163 1772 1312 1804 fluminis
1329 1771 1475 1803 labentis
1493 1770 1525 1802 G
1544 1771 1567 1810 i,
1581 1773 1635 1801 12.

1020 1816 1154 1847 Leniter
1176 1815 1353 1854 fastigatus
1378 1814 1409 1845 G
1434 1813 1469 1851 ii,
1495 1818 1526 1844 8.
1550 1811 1674 1844 acclivis
1689 1811 1721 1843 G

1063 1859 1100 1898 ii,
1116 1861 1169 1889 29.
1193 1857 1250 1898 vii,
1267 1860 1317 1888 19.
1343 1857 1370 1888 C
1384 1857 1419 1897 ii,
1446 1859 1500 1896 24,
1526 1858 1578 1887 29.
1613 1855 1722 1886 leniter

1063 1899 1307 1941 (pedetentim)
1322 1900 1385 1930 iter
1405 1899 1516 1938 facere
1530 1897 1589 1929 Af.
1605 1901 1638 1928 6.

1026 1944 1232 1983 Lentim-ulus,
1269 1951 1411 1983 parvum
1447 1941 1618 1981 navigium
1646 1939 1674 1971 C
1690 1939 1729 1979 ii,

1022 2028 1102 2060 Lex.
1119 2026 1187 2058 vid.
1205 2026 1247 2058 ad
1262 2026 1294 2058 G
1310 2026 1333 2065 i,
1347 2029 1379 2057 3.

1023 2070 1225 2109 Liberaliter,
1239 2073 1278 2100 ut
1293 2068 1397 2099 decet
1411 2067 1578 2098 hominem
1601 2075 1726 2107 magno

1066 2113 1176 2144 animo
1193 2112 1224 2143 G
1236 2112 1281 2151 iv,
1292 2114 1345 2141 21.
1392 2114 1431 2140 ut
1446 2110 1548 2141 decet
1565 2118 1654 2149 eum,
1668 2107 1727 2149 qui

1068 2154 1227 2186 beneficii
1243 2152 1510 2192 magnitudinem
1530 2151 1671 2192 agnovit
1693 2150 1726 2182 G

1068 2197 1103 2237 ii,
1118 2201 1149 2229 5.
1180 2196 1350 2228 liberaliter
1364 2196 1556 2235 respondere,
1570 2194 1727 2233 comiter,

1069 2239 1229 2279 benigne,
1244 2237 1438 2270 humaniter
1455 2238 1481 2269 C
1495 2237 1543 2276 iii,
1556 2238 1630 2268 104.

1026 2282 1136 2322 Libra,
1151 2283 1192 2313 ad
1214 2281 1327 2313 libram
1343 2280 1479 2319 factum.
1494 2279 1565 2312 vid.
1580 2278 1624 2310 ad
1637 2278 1665 2311 C
1677 2277 1728 2319 iii,

1027 2367 1163 2398 Librilia
1190 2366 1222 2399 G
1235 2366 1293 2406 vii,
1309 2369 1362 2397 81.

1028 2410 1195 2449 Lignator,
1218 2409 1274 2450 qni
1311 2409 1402 2449 ligna
1429 2406 1560 2447 colligit
1590 2405 1623 2436 in
1648 2413 1726 2436 usus

1070 2453 1150 2483 valli
1166 2452 1198 2484 G
1216 2462 1247 2492 v,
1273 2454 1327 2482 26.
1372 2450 1471 2482 Unde
1497 2448 1629 2489 lignatio
1647 2447 1680 2479 G
1695 2455 1728 2486 v,

1030 2537 1160 2575 Libum,
1176 2536 1208 2567 in
1223 2535 1413 2567 munitione
1436 2535 1465 2567 G
1485 2533 1543 2573 vii,
1557 2535 1610 2563 â·3.

1030 2580 1166 2619 Lingula
1183 2579 1214 2610 G
1232 2578 1279 2618 iii,
1293 2581 1344 2610 12.

1031 2623 1160 2653 Linlres
1176 2622 1204 2652 G
1227 2620 1250 2659 i,
1273 2623 1324 2651 53.
1369 2619 1470 2660 paulo
1498 2620 1574 2657 post
1593 2615 1727 2646 navicu-

1074 2665 1117 2695 1ae
1134 2665 1293 2695 dicuntur
1309 2663 1337 2694 C
1352 2661 1375 2701 i,
1387 2664 1440 2692 28.
1463 2658 1639 2691 Interdum
1650 2658 1728 2697 jun-

1076 2710 1200 2747 guntur
1217 2706 1250 2736 in
1265 2704 1400 2735 modum
1417 2701 1527 2742 pontis
1542 2701 1572 2732 G
1591 2701 1613 2739 i,
1631 2703 1682 2730 12.

1032 2749 1214 2790 Liquescens
1227 2757 1317 2789 aqua,
1333 2754 1420 2787 quae,
1441 2748 1582 2777 excrcto
1605 2742 1727 2775 sensim
