1872 3104
595 170 632 199 u.
662 167 701 196 J.
733 164 949 195 uAEsAms
982 164 1113 195 νιίἈ.
1470 155 1583 198 1953

640 419 676 461 C
692 419 733 461 A
747 420 802 462 P.
850 419 1073 461 XXXV.

130 537 258 573 Caesar,
274 532 401 565 viribus
427 541 490 573 per
507 531 597 573 ipsos
623 532 748 562 milites
766 531 938 572 Pompeii,
963 540 1047 572 quos
1076 530 1319 571 interceperat,
1341 529 1461 571 auctis,
1486 531 1586 562 Pom·

172 587 284 628 peium
300 586 516 627 persequitur
539 590 575 616 et
591 595 632 616 ex
651 585 753 616 Italia
770 585 878 625 pellit,
904 584 963 615 sed
987 587 1130 624 propter
1158 584 1291 614 navium
1315 584 1463 624 inopiam
1490 584 1587 626 sequi

171 641 297 682 nequit.
341 641 437 679 Tum,
466 648 522 670 Lx.
550 639 670 670 diebus
687 639 788 670 Italia
815 638 968 677 subacta,
995 647 1071 668 cum
1100 637 1259 668 Romanis
1287 637 1431 678 benigne
1448 637 1587 680 quidem

171 693 255 733 agit,
269 692 328 724 sed
346 692 507 733 pecunias
525 693 689 733 publicas,
706 691 832 723 frustra
848 692 991 722 Metello
1009 696 1232 731 repugnante,
1248 690 1352 731 capit.

180 788 229 827 ‘O
259 788 299 827 δὲ
326 790 479 838 Καῖσαρ
511 791 579 833 τὴν
602 805 640 826 τε
674 794 737 826 τοῦ
768 788 943 838 Δομιτίου
974 791 1150 838 στρατιὰν
1179 786 1389 836 παρέλαβε,
1416 789 1474 824 καὶ
1508 788 1589 824 τοὺς

131 855 280 898 ἄλλους,
315 853 421 890 ὅσους
458 854 500 889 έν
534 858 613 890 ταῖς
645 855 776 889 πόλεσι
815 851 999 902 Πομπηΐῳ
1029 853 1413 899 στρατολογουμένους
1451 852 1588 900 ἔφθασε

131 915 371 964 καταλαβών.
427 915 553 953 Πολὺς
586 914 626 951 δὲ
659 917 824 962 γεγονὼς
851 912 921 959 ἤδη
955 916 1014 950 καὶ
1046 912 1200 963 φοβερὸς
1230 914 1285 950 ἐπ’
1316 913 1429 950 αὐτὸν
1448 916 1590 958 ἤλαυνε

130 979 338 1029 Πομπήϊον.
392 978 440 1016 Ὁ
459 978 490 1016 δ’
508 981 570 1015 οὐκ
589 976 738 1024 ἐδέξατο
758 981 824 1023 τὴν
844 975 988 1029 ἔφοδον,
1010 979 1095 1014 ἀλλ’
1123 979 1173 1014 εἷς
1201 977 1426 1026 Βρεντήσιον
1447 980 1588 1027 φυγὼν,

131 1041 210 1081 τοῦς
229 1043 299 1092 μὲν
318 1044 476 1080 ὑπάτους
494 1044 668 1091 πρότερον
688 1043 834 1080 ἔστειλε
851 1045 946 1093 μετὰ
965 1040 1153 1092 δυνάμεως
1173 1043 1224 1078 εἷς
1242 1041 1467 1092 Δυῤῥάχιον,
1485 1041 1592 1079 αὐτὸς

131 1106 160 1144 δ’
190 1107 324 1154 ὀλίγον
356 1105 508 1154 ὕστερον
537 1106 756 1143 ἐπελθόντος
789 1106 979 1154 Καίσαρος
1011 1106 1248 1152 ἐξέπλευσεν,
1276 1108 1321 1143 ὡς
1347 1106 1388 1142 ἑν
1418 1111 1491 1143 τοῖς
1509 1107 1592 1157 περὶ

131 1171 273 1208 ἐκείνου
305 1173 601 1221 γραφησομένοις
636 1172 682 1207 τὰ
715 1172 793 1206 καθ’
824 1171 963 1207 ἕκαστα
1000 1168 1286 1214 δηλωθήσεται.ι
1355 1168 1519 1216 Καίσαρι
1551 1166 1593 1205 δὲ

130 1234 346 1285 βουλομένῳ
378 1235 449 1284 μὲν
478 1232 583 1271 εὐθὺς
615 1233 759 1271 διώκειν
790 1235 926 1282 ἀπορία
960 1239 1053 1270 νεῶν
1078 1231 1140 1277 ἦν.
1195 1233 1260 1270 Εἰς
1288 1230 1330 1269 δὲ
1362 1225 1428 1276 τὴν
1446 1232 1594 1280 Ῥώμην

132 1298 350 1348 ἀνέστρεψε,
373 1299 538 1345 γεγονὼς
567 1298 608 1334 ἑν
632 1299 784 1347 ἡμέραις
803 1298 974 1342 ἑξήκοντα
1003 1300 1122 1342 πάσης
1149 1297 1334 1346 ἀναιμωτὶ
1351 1303 1413 1340 τῆς
1432 1294 1594 1332 Ἰταλίας

132 1366 260 1411 κύριος.
299 1362 404 1398 Ἐπεὶ
423 1360 463 1398 δὲ
482 1362 540 1397 καὶ
560 1363 626 1405 τὴν
645 1363 756 1398 πόλιν
776 1359 857 1409 εὗρε
875 1363 1038 1411 μᾶλλον,
1054 1361 1076 1404 ἢ
1097 1359 1315 1409 προσεδόκα,
1336 1361 1592 1403 καθεστῶσαν,

134 1429 191 1464 καὶ
210 1433 283 1465 τῶν
302 1427 376 1465 ἀπὸ
395 1425 532 1473 βουλῆς
553 1427 594 1467 ἐν
613 1427 706 1478 αὐτῇ
727 1425 900 1477 συχνοὺς,
926 1425 1065 1462 τούτοις
1083 1425 1153 1474 μὲν
1173 1425 1312 1466 ἐπιεικῆ
1338 1425 1396 1460 καὶ
1419 1421 1596 1472 δημοτικὰ

134 1490 344 1542 ὃιελέχθηῇ
363 1492 590 1539 παρακαλῶν
612 1489 740 1531 αὐτοὺς
772 1492 830 1526 καὶ
862 1489 948 1537 πρὸς
972 1488 1172 1538 Πομπήϊον
1192 1489 1441 1524 ἀποστέλλειν
1462 1483 1598 1533 ἄνδρας

135 1556 194 1592 ἐπὶ
214 1554 429 1605 συμβάσεσι
448 1556 684 1603 πρεπούσαις·
723 1554 906 1596 ὑπήκουσε
927 1551 958 1588 δ’
978 1550 1109 1597 οὐδεὶς,
1141 1551 1218 1587 ε’ίτε
1243 1548 1469 1600 φοβούμενοι
1488 1547 1597 1597 Πομ·

136 1619 246 1662 πὴϊον
265 1618 670 1667 ἐγκαταλελειμμένον,
691 1618 767 1654 εἶτε
788 1617 1017 1665 νομῖἓοντες,
1033 1617 1104 1665 οὐχ
1121 1612 1212 1651 οὕτω
1231 1613 1411 1661 Καίσαρα
1431 1616 1595 1663 φρονεῖν,

135 1683 222 1717 ἀλλ’
241 1683 439 1729 εὐπρεπείᾳ
457 1683 584 1727 λόγων
603 1682 779 1731 χρῆσθαι.
825 1679 903 1716 Τοῦ
924 1677 965 1715 δὲ
983 1677 1186 1728 δημάρχου,
1207 1676 1418 1719 Mea-&mom
1438 1678 1596 1712 κωλύον-

136 1759 195 1781 τος
226 1744 339 1781 αὑτὸν
368 1745 406 1780 ἐκ
438 1750 509 1781 τῶν
539 1743 752 1780 ἀποθέτων3
787 1746 961 1792 χρήματα
994 1739 1222 1789 λαμβάνειν,
1255 1740 1315 1775 καὶ
1346 1740 1477 1787 νόμους
1495 1739 1597 1774 τινὰς

136 1810 389 1858 προφέροντος,
424 1808 487 1843 οὐκ
507 1808 575 1856 ἔφη
608 1806 672 1844 τὸν
706 1807 819 1843 αὑτὸν
851 1806 978 1842 ὅπλων
1009 1806 1067 1841 καὶ
1098 1805 1220 1853 νόμων
1248 1800 1374 1850 καιρὸν
1407 1799 1519 1838 εἶναι·
1553 1798 1597 1837 σι)

137 1868 167 1907 δ’
185 1871 217 1907 εἷ
237 1875 309 1908 τοῖς
329 1873 593 1920 πραττομένοις
613 1868 881 1914 δυσκολαίνεις,
905 1874 971 1906 νῦν
982 1870 1051 1918 μὲν
1067 1865 1231 1904 ἐκποδὼν
1246 1867 1362 1902 ἄπιθι·
1387 1864 1596 1915 πιιῤῥησίας

137 1935 209 1983 γὰρ
243 1935 284 1971 οὐ
314 1931 433 1970 δεῖται
459 1935 632 1984 πόλεμος.
671 1932 796 1970 “Orcus
832 1931 870 1970 δὲ
903 1934 1118 1981 καταθῶμαι
1149 1932 1195 1968 τὰ
1224 1929 1338 1973 ὅπλα,
1368 1926 1595 1977 συμβάσεων

140 2000 367 2047 γενομένων,
387 1998 468 2034 τότε
488 1999 629 2045 παριὼν
658 1994 957 2046 δημαγωγήσεις.
1011 1994 1089 2031 Καὶ
1121 1998 1249 2038 ταῦτα,
1280 1994 1363 2043 ἔφη,
1398 1995 1499 2039 λέγω
1524 1997 1596 2028 τῶν

140 2061 298 2109 ἐμαυτοῦ
318 2059 468 2097 δικαίων
488 2061 694 2111 ὑφιέμενος.
728 2060 838 2110 Ἐμὸς
857 2062 930 2107 γὰρ
950 2057 985 2096 εἷ
1005 2058 1064 2103 σὺ,
1085 2059 1141 2094 καὶ
1163 2057 1311 2100 πάντες,
1333 2055 1440 2093 ὅσους
1459 2057 1597 2106 εἴληφα

140 2130 211 2161 τῶν
246 2124 332 2171 πρὸς
368 2124 435 2174 ἐμὲ
468 2124 765 2161 στασιασάντων.
834 2122 965 2160 Ταῦτα
1003 2122 1089 2170 πρὸς
1126 2121 1189 2158 τὸν
1227 2119 1427 2157 ΒῘέ-τελλον
1466 2120 1594 2162 εἰπὼν,

794 2227 934 2259 NOTAE

186 2300 201 2327 1
226 2296 463 2337 Δηλωθήσεται]
496 2295 550 2328 Cf.
577 2296 658 2327 Vita
684 2297 842 2337 Pompeii
893 2294 1137 2336 ἀσφαλέστατον
1161 2294 1251 2333 ἐλὼν,
1275 2289 1439 2323 λελυκέναι
1454 2291 1494 2332 τῇ
1507 2289 1598 2321 πόλει

143 2360 172 2382 c.
202 2353 255 2381 62.
283 2354 319 2380 et
340 2353 394 2381 63.
419 2350 507 2381 Caes.
536 2349 579 2380 de
599 2349 641 2379 B.
671 2349 710 2380 C.
739 2357 764 2380 1.
787 2351 840 2380 24.
893 2346 952 2383 τὴν
969 2344 1055 2386 ἀράν.
1102 2344 1193 2385 App.
1219 2353 1259 2374 11.
1279 2346 1333 2373 41.
1379 2341 1471 2372 Hinc
1496 2340 1601 2380 vides,

143 2409 238 2441 seqq.
895 2397 1011 2437 quales
1032 2397 1125 2436 leges
1153 2396 1191 2426 L.
1209 2393 1371 2424 Metellus
1396 2400 1600 2422 commemo-

185 2453 206 2481 2
228 2447 399 2488 Διελέχθη]
423 2448 509 2480 Caes.
526 2448 568 2479 de
582 2449 622 2480 B.
639 2449 677 2480 C.
694 2458 720 2479 1.
737 2451 789 2480 32.
897 2456 973 2477 rare
1001 2446 1162 2486 potuerit.
1211 2444 1322 2474 Plinio
1349 2444 1370 2473 l.
1399 2450 1536 2472 xxxm.
1566 2442 1599 2472 3.

185 2503 204 2532 3
221 2500 274 2530 Ἐκ
287 2501 348 2530 τῶν
362 2497 532 2539 ἀποθέτων]
549 2500 614 2529 Τῶν
627 2511 663 2529 τε
679 2497 843 2538 ἀψαύστων
896 2503 1037 2529 auctore
1065 2507 1106 2527 ex
1138 2495 1257 2526 aerario
1286 2493 1427 2533 protulit
1454 2492 1598 2522 laterum

143 2549 234 2582 ἐκίνει
258 2549 435 2591 χρημάτων,
467 2549 486 2580 ἅ
511 2556 604 2590 φασιν
632 2550 681 2579 ἐπὶ
711 2550 842 2579 Κελτοῖς
896 2547 1602 2584 aureorumxxv.M.,argenteorumxxxv.

143 2600 241 2634 πάλαι
266 2601 323 2632 σὺν
348 2601 405 2642 ἀρᾷ
428 2600 558 2641 δημοσίᾳ
580 2601 715 2639 τεθῆναι,
728 2599 770 2637 μὴ
786 2610 841 2628 σα-
897 2603 932 2629 et
947 2599 981 2628 in
998 2601 1175 2628 numerato
1190 2592 1467 2636 quadringenties
1483 2595 1599 2623 cente-

143 2652 246 2684 λεύειν
261 2653 291 2683 ἐς
303 2651 410 2691 μηδὲν,
436 2651 462 2682 εἰ
482 2652 524 2690 μὴ
546 2650 696 2682 Κελτικὸς
707 2648 842 2687 πόλεμος
895 2658 938 2678 ua
955 2647 1060 2678 millia
1076 2645 1283 2678 sestertium.

146 2701 234 2734 ἐπίοι.
276 2702 313 2733 Ὁ
333 2701 366 2732 δὲ
390 2701 461 2741 ἔφη,
486 2700 625 2732 Κελτοὺς
649 2700 740 2731 αὐτὸς
759 2700 789 2730 ἐς
803 2698 841 2729 τὸ

231 2755 344 2795 Delph.
357 2762 388 2786 et
408 2756 482 2787 Var.
501 2756 583 2786 Clas.
837 2752 919 2783 Cccs.
1171 2755 1175 2757 ’
1440 2748 1462 2776 6
1478 2744 1513 2777 Η
