<?xml version="1.0" encoding="UTF-8"?>
<!DOCTYPE html PUBLIC "-//W3C//DTD XHTML 1.0 Transitional//EN"
    "http://www.w3.org/TR/xhtml1/DTD/xhtml1-transitional.dtd">
<html xmlns="http://www.w3.org/1999/xhtml" xml:lang="en" lang="en">
 <head>
  <title>
</title>
<meta http-equiv="Content-Type" content="text/html;charset=utf-8" />
  <meta name='ocr-system' content='tesseract 3.04.00' />
  <meta name='ocr-capabilities' content='ocr_page ocr_carea ocr_par ocr_line ocrx_word'/>
</head>
<body>
  <div class='ocr_page' id='page_1' title='image "./operaomniaexedit05caesuoft/operaomniaexedit05caesuoft_0161.png"; bbox 0 0 1872 3104; ppageno 0'>
   <div class='ocr_carea' id='block_1_1' title="bbox 615 180 1615 222">
    <p class='ocr_par' dir='ltr' id='par_1_1' title="bbox 615 180 1615 222">
     <span class='ocr_line' id='line_1_1' title="bbox 615 180 1615 222; baseline 0.004 -4"><span class='ocrx_word' id='word_1_1' title='bbox 615 189 675 218; x_wconf 70' lang='lat' dir='ltr'><strong>nn</strong></span> <span class='ocrx_word' id='word_1_2' title='bbox 707 189 748 217; x_wconf 86' lang='lat' dir='ltr'><strong>c.</strong></span> <span class='ocrx_word' id='word_1_3' title='bbox 781 187 925 217; x_wconf 68' lang='lat' dir='ltr'><strong>sunto</strong></span> <span class='ocrx_word' id='word_1_4' title='bbox 958 186 1174 216; x_wconf 75' lang='lat' dir='ltr'><strong>CAESARE.</strong></span> <span class='ocrx_word' id='word_1_5' title='bbox 1502 180 1615 222; x_wconf 82' lang='lat'>2037</span> 
     </span>
    </p>
   </div>
   <div class='ocr_carea' id='block_1_2' title="bbox 142 283 1614 2382">
    <p class='ocr_par' dir='ltr' id='par_1_2' title="bbox 155 283 1614 463">
     <span class='ocr_line' id='line_1_2' title="bbox 160 283 1614 339; baseline 0 -13"><span class='ocrx_word' id='word_1_6' title='bbox 160 288 272 326; x_wconf 82' lang='lat' dir='ltr'>Unde</span> <span class='ocrx_word' id='word_1_7' title='bbox 292 288 434 325; x_wconf 83' lang='lat' dir='ltr'><strong>Hirtius</strong></span> <span class='ocrx_word' id='word_1_8' title='bbox 464 296 563 322; x_wconf 79' lang='lat' dir='ltr'><strong>vlu.</strong></span> <span class='ocrx_word' id='word_1_9' title='bbox 585 291 650 321; x_wconf 71' lang='lat'><strong>48.</strong></span> <span class='ocrx_word' id='word_1_10' title='bbox 668 288 678 303; x_wconf 91' lang='lat'>‘</span> <span class='ocrx_word' id='word_1_11' title='bbox 699 284 788 321; x_wconf 86' lang='lat' dir='ltr'><strong>Scio</strong></span> <span class='ocrx_word' id='word_1_12' title='bbox 809 284 998 321; x_wconf 75' lang='lat' dir='ltr'><strong>Caesarem</strong></span> <span class='ocrx_word' id='word_1_13' title='bbox 1021 283 1255 333; x_wconf 82' lang='lat' dir='ltr'><strong>singulorum</strong></span> <span class='ocrx_word' id='word_1_14' title='bbox 1276 297 1461 323; x_wconf 89' lang='lat' dir='ltr'><strong>annorum</strong></span> <span class='ocrx_word' id='word_1_15' title='bbox 1485 289 1614 339; x_wconf 82' lang='lat' dir='ltr'><strong>singu-</strong></span> 
     </span>
     <span class='ocr_line' id='line_1_3' title="bbox 155 347 1607 398; baseline 0.001 -11"><span class='ocrx_word' id='word_1_16' title='bbox 155 353 210 389; x_wconf 90' lang='lat' dir='ltr'><strong>los</strong></span> <span class='ocrx_word' id='word_1_17' title='bbox 231 350 520 389; x_wconf 79' lang='lat' dir='ltr'>commentarios</span> <span class='ocrx_word' id='word_1_18' title='bbox 538 348 682 392; x_wconf 74' lang='lat' dir='ltr'><strong>secisse,</strong></span> <span class='ocrx_word' id='word_1_19' title='bbox 706 347 809 398; x_wconf 85' lang='lat' dir='ltr'><strong>qnod</strong></span> <span class='ocrx_word' id='word_1_20' title='bbox 833 361 903 395; x_wconf 62' lang='lat' dir='ltr'><strong>ego</strong></span> <span class='ocrx_word' id='word_1_21' title='bbox 925 360 999 383; x_wconf 87' lang='lat' dir='ltr'><strong>non</strong></span> <span class='ocrx_word' id='word_1_22' title='bbox 1025 348 1235 385; x_wconf 72' lang='lat' dir='ltr'><strong>existimavi</strong></span> <span class='ocrx_word' id='word_1_23' title='bbox 1258 349 1346 385; x_wconf 80' lang='lat' dir='ltr'><strong>inihi</strong></span> <span class='ocrx_word' id='word_1_24' title='bbox 1362 363 1444 387; x_wconf 84' lang='lat' dir='ltr'><strong>esse</strong></span> <span class='ocrx_word' id='word_1_25' title='bbox 1466 350 1607 389; x_wconf 86' lang='lat' dir='ltr'><strong>facien-</strong></span> 
     </span>
     <span class='ocr_line' id='line_1_4' title="bbox 158 412 1574 463; baseline -0.001 -10"><span class='ocrx_word' id='word_1_26' title='bbox 158 416 278 453; x_wconf 64' lang='lat' dir='ltr'><strong>dum!</strong></span> <span class='ocrx_word' id='word_1_27' title='bbox 332 417 472 451; x_wconf 67' lang='lat' dir='ltr'><strong>Graece</strong></span> <span class='ocrx_word' id='word_1_28' title='bbox 491 412 682 450; x_wconf 69' lang='lat' dir='ltr'><strong>transtulit</strong></span> <span class='ocrx_word' id='word_1_29' title='bbox 714 412 909 449; x_wconf 75' lang='lat' dir='ltr'>Maximus</span> <span class='ocrx_word' id='word_1_30' title='bbox 933 412 1140 456; x_wconf 79' lang='lat' dir='ltr'><strong>Planuch,</strong></span> <span class='ocrx_word' id='word_1_31' title='bbox 1163 413 1240 449; x_wconf 85' lang='lat' dir='ltr'><strong>sive</strong></span> <span class='ocrx_word' id='word_1_32' title='bbox 1261 414 1344 463; x_wconf 87' lang='lat' dir='ltr'><strong>quis</strong></span> <span class='ocrx_word' id='word_1_33' title='bbox 1365 414 1488 457; x_wconf 77' lang='lat' dir='ltr'><strong>atius;</strong></span> <span class='ocrx_word' id='word_1_34' title='bbox 1520 427 1574 463; x_wconf 84' lang='lat' dir='ltr'><strong>qu</strong></span> 
     </span>
    </p>

    <p class='ocr_par' dir='ltr' id='par_1_3' title="bbox 142 475 1612 2382">
     <span class='ocr_line' id='line_1_5' title="bbox 158 475 1612 527; baseline -0.001 -10"><span class='ocrx_word' id='word_1_35' title='bbox 158 479 278 517; x_wconf 81' lang='lat' dir='ltr'><strong>versio</strong></span> <span class='ocrx_word' id='word_1_36' title='bbox 310 479 472 527; x_wconf 78' lang='lat' dir='ltr'><strong>prinnini</strong></span> <span class='ocrx_word' id='word_1_37' title='bbox 506 477 609 514; x_wconf 78' lang='lat' dir='ltr'><strong>editu</strong></span> <span class='ocrx_word' id='word_1_38' title='bbox 641 484 697 513; x_wconf 78' lang='lat' dir='ltr'><strong>est</strong></span> <span class='ocrx_word' id='word_1_39' title='bbox 724 490 757 514; x_wconf 81' lang='lat' dir='ltr'><strong>a.</strong></span> <span class='ocrx_word' id='word_1_40' title='bbox 784 475 896 515; x_wconf 76' lang='lat'>1606.</span> <span class='ocrx_word' id='word_1_41' title='bbox 918 491 962 513; x_wconf 84' lang='lat' dir='ltr'><strong>ex</strong></span> <span class='ocrx_word' id='word_1_42' title='bbox 986 476 1122 513; x_wconf 82' lang='lat' dir='ltr'><strong>codice</strong></span> <span class='ocrx_word' id='word_1_43' title='bbox 1144 477 1249 513; x_wconf 79' lang='lat' dir='ltr'><strong>Pauli</strong></span> <span class='ocrx_word' id='word_1_44' title='bbox 1275 478 1415 515; x_wconf 78' lang='lat' dir='ltr'><strong>Petavii</strong></span> <span class='ocrx_word' id='word_1_45' title='bbox 1436 490 1458 515; x_wconf 88' lang='lat' dir='ltr'>a</span> <span class='ocrx_word' id='word_1_46' title='bbox 1478 478 1612 516; x_wconf 88' lang='lat' dir='ltr'><strong>Godo-</strong></span> 
     </span>
     <span class='ocr_line' id='line_1_6' title="bbox 155 541 1611 591; baseline 0.001 -13"><span class='ocrx_word' id='word_1_47' title='bbox 155 542 261 580; x_wconf 80' lang='lat' dir='ltr'><strong>fredo</strong></span> <span class='ocrx_word' id='word_1_48' title='bbox 280 543 579 591; x_wconf 74' lang='lat' dir='ltr'><strong>Jungcrnunuu).</strong></span> <span class='ocrx_word' id='word_1_49' title='bbox 639 543 696 578; x_wconf 86' lang='lat' dir='ltr'><strong>De</strong></span> <span class='ocrx_word' id='word_1_50' title='bbox 717 554 759 578; x_wconf 79' lang='lat' dir='ltr'><strong>eu</strong></span> <span class='ocrx_word' id='word_1_51' title='bbox 782 541 938 578; x_wconf 80' lang='lat' dir='ltr'><strong>illustris</strong></span> <span class='ocrx_word' id='word_1_52' title='bbox 963 541 1127 578; x_wconf 76' lang='lat' dir='ltr'><strong>lluetins</strong></span> <span class='ocrx_word' id='word_1_53' title='bbox 1154 541 1253 578; x_wconf 82' lang='lat' dir='ltr'><strong>libro</strong></span> <span class='ocrx_word' id='word_1_54' title='bbox 1280 541 1327 578; x_wconf 89' lang='lat' dir='ltr'><strong>de</strong></span> <span class='ocrx_word' id='word_1_55' title='bbox 1359 542 1472 579; x_wconf 72' lang='lat' dir='ltr'><strong>claris</strong></span> <span class='ocrx_word' id='word_1_56' title='bbox 1497 543 1611 580; x_wconf 90' lang='lat' dir='ltr'><strong>inter-</strong></span> 
     </span>
     <span class='ocr_line' id='line_1_7' title="bbox 155 604 1610 654; baseline 0.001 -12"><span class='ocrx_word' id='word_1_57' title='bbox 155 605 328 654; x_wconf 81' lang='lat' dir='ltr'><strong>pretibus</strong></span> <span class='ocrx_word' id='word_1_58' title='bbox 349 617 388 654; x_wconf 90' lang='lat' dir='ltr'><strong>p.</strong></span> <span class='ocrx_word' id='word_1_59' title='bbox 414 611 503 649; x_wconf 61' lang='lat'><strong>⁴215).</strong></span> <span class='ocrx_word' id='word_1_60' title='bbox 529 611 537 625; x_wconf 82' lang='lat'><em>¹</em></span> <span class='ocrx_word' id='word_1_61' title='bbox 562 605 710 641; x_wconf 81' lang='lat' dir='ltr'><strong>Dubito</strong></span> <span class='ocrx_word' id='word_1_62' title='bbox 731 604 926 653; x_wconf 70' lang='lat' dir='ltr'><strong>equidem,</strong></span> <span class='ocrx_word' id='word_1_63' title='bbox 950 606 1121 642; x_wconf 80' lang='lat' dir='ltr'><strong>Gazaenc</strong></span> <span class='ocrx_word' id='word_1_64' title='bbox 1150 618 1197 641; x_wconf 83' lang='lat' dir='ltr'><strong>an</strong></span> <span class='ocrx_word' id='word_1_65' title='bbox 1222 606 1415 651; x_wconf 77' lang='lat' dir='ltr'><strong>l‘lanudae,</strong></span> <span class='ocrx_word' id='word_1_66' title='bbox 1435 620 1479 643; x_wconf 79' lang='lat' dir='ltr'><strong>an</strong></span> <span class='ocrx_word' id='word_1_67' title='bbox 1499 606 1610 644; x_wconf 86' lang='lat' dir='ltr'><strong>alteri</strong></span> 
     </span>
     <span class='ocr_line' id='line_1_8' title="bbox 153 667 1610 718; baseline 0.002 -13"><span class='ocrx_word' id='word_1_68' title='bbox 153 667 323 717; x_wconf 81' lang='lat' dir='ltr'><strong>ejttsdeni</strong></span> <span class='ocrx_word' id='word_1_69' title='bbox 345 670 414 706; x_wconf 83' lang='lat' dir='ltr'><strong>aevi</strong></span> <span class='ocrx_word' id='word_1_70' title='bbox 445 669 606 718; x_wconf 78' lang='lat' dir='ltr'><strong>cuipiam</strong></span> <span class='ocrx_word' id='word_1_71' title='bbox 628 669 987 705; x_wconf 75' lang='lat' dir='ltr'><strong>continentarioruni</strong></span> <span class='ocrx_word' id='word_1_72' title='bbox 1017 669 1063 705; x_wconf 87' lang='lat' dir='ltr'><strong>de</strong></span> <span class='ocrx_word' id='word_1_73' title='bbox 1096 668 1195 705; x_wconf 66' lang='lat' dir='ltr'><strong>bollo</strong></span> <span class='ocrx_word' id='word_1_74' title='bbox 1215 667 1368 706; x_wconf 78' lang='lat' dir='ltr'><strong>Gallico</strong></span> <span class='ocrx_word' id='word_1_75' title='bbox 1389 670 1610 708; x_wconf 77' lang='lat' dir='ltr'><strong>conversio-</strong></span> 
     </span>
     <span class='ocr_line' id='line_1_9' title="bbox 153 732 1609 783; baseline 0.001 -14"><span class='ocrx_word' id='word_1_76' title='bbox 153 745 238 770; x_wconf 88' lang='lat' dir='ltr'><strong>nem</strong></span> <span class='ocrx_word' id='word_1_77' title='bbox 262 734 455 778; x_wconf 67' lang='lat' dir='ltr'><strong>(J&#39;raecznn,</strong></span> <span class='ocrx_word' id='word_1_78' title='bbox 474 746 561 783; x_wconf 79' lang='lat' dir='ltr'><strong>quae</strong></span> <span class='ocrx_word' id='word_1_79' title='bbox 581 733 617 769; x_wconf 89' lang='lat' dir='ltr'><strong>in</strong></span> <span class='ocrx_word' id='word_1_80' title='bbox 634 733 841 769; x_wconf 76' lang='lat' dir='ltr'><strong>Pctuviana</strong></span> <span class='ocrx_word' id='word_1_81' title='bbox 866 732 963 769; x_wconf 73' lang='lat' dir='ltr'><strong>nihl.</strong></span> <span class='ocrx_word' id='word_1_82' title='bbox 987 732 1162 776; x_wconf 79' lang='lat' dir='ltr'><strong>liabetur,</strong></span> <span class='ocrx_word' id='word_1_83' title='bbox 1182 733 1386 770; x_wconf 74' lang='lat' dir='ltr'><strong>ascribant.</strong></span> <span class='ocrx_word' id='word_1_84' title='bbox 1418 733 1609 772; x_wconf 78' lang='lat' dir='ltr'><strong>Caesarem</strong></span> 
     </span>
     <span class='ocr_line' id='line_1_10' title="bbox 149 795 1608 847; baseline 0.002 -15"><span class='ocrx_word' id='word_1_85' title='bbox 149 795 213 832; x_wconf 84' lang='lat' dir='ltr'><strong>itta</strong></span> <span class='ocrx_word' id='word_1_86' title='bbox 241 810 517 847; x_wconf 78' lang='lat' dir='ltr'><strong>nonnunquam</strong></span> <span class='ocrx_word' id='word_1_87' title='bbox 549 797 686 834; x_wconf 74' lang='lat' dir='ltr'><strong>‹lncetn</strong></span> <span class='ocrx_word' id='word_1_88' title='bbox 721 797 872 840; x_wconf 73' lang='lat' dir='ltr'><strong>deserit,</strong></span> <span class='ocrx_word' id='word_1_89' title='bbox 909 803 946 833; x_wconf 84' lang='lat' dir='ltr'><strong>et</strong></span> <span class='ocrx_word' id='word_1_90' title='bbox 976 797 1108 834; x_wconf 79' lang='lat' dir='ltr'><strong>breves</strong></span> <span class='ocrx_word' id='word_1_91' title='bbox 1139 803 1256 833; x_wconf 74' lang='lat' dir='ltr'><strong>tentat</strong></span> <span class='ocrx_word' id='word_1_92' title='bbox 1287 810 1483 841; x_wconf 83' lang='lat' dir='ltr'><strong>excursus,</strong></span> <span class='ocrx_word' id='word_1_93' title='bbox 1523 811 1608 835; x_wconf 86' lang='lat' dir='ltr'><strong>raro</strong></span> 
     </span>
     <span class='ocr_line' id='line_1_11' title="bbox 152 860 1610 910; baseline 0.001 -13"><span class='ocrx_word' id='word_1_94' title='bbox 152 867 281 897; x_wconf 80' lang='lat' dir='ltr'><strong>tamen</strong></span> <span class='ocrx_word' id='word_1_95' title='bbox 301 868 339 897; x_wconf 83' lang='lat' dir='ltr'><strong>et</strong></span> <span class='ocrx_word' id='word_1_96' title='bbox 361 861 597 898; x_wconf 62' lang='lat' dir='ltr'><strong>verecunde:</strong></span> <span class='ocrx_word' id='word_1_97' title='bbox 630 870 799 898; x_wconf 74' lang='lat' dir='ltr'><strong>ceterum</strong></span> <span class='ocrx_word' id='word_1_98' title='bbox 823 874 897 897; x_wconf 83' lang='lat' dir='ltr'><strong>non</strong></span> <span class='ocrx_word' id='word_1_99' title='bbox 919 861 1067 910; x_wconf 83' lang='lat' dir='ltr'><strong>impura</strong></span> <span class='ocrx_word' id='word_1_100' title='bbox 1087 873 1144 905; x_wconf 86' lang='lat' dir='ltr'><strong>ea,</strong></span> <span class='ocrx_word' id='word_1_101' title='bbox 1166 873 1234 897; x_wconf 87' lang='lat' dir='ltr'><strong>nec</strong></span> <span class='ocrx_word' id='word_1_102' title='bbox 1257 860 1482 898; x_wconf 59' lang='lat' dir='ltr'><strong>invenusta!</strong></span> <span class='ocrx_word' id='word_1_103' title='bbox 1535 862 1610 899; x_wconf 86' lang='lat' dir='ltr'><strong>Da·</strong></span> 
     </span>
     <span class='ocr_line' id='line_1_12' title="bbox 150 924 1604 975; baseline 0.001 -15"><span class='ocrx_word' id='word_1_104' title='bbox 150 924 212 961; x_wconf 93' lang='lat' dir='ltr'><strong>vid</strong></span> <span class='ocrx_word' id='word_1_105' title='bbox 242 925 484 962; x_wconf 73' lang='lat' dir='ltr'><strong>Hoescltclins</strong></span> <span class='ocrx_word' id='word_1_106' title='bbox 508 927 677 975; x_wconf 72' lang='lat' dir='ltr'><strong>Epistola</strong></span> <span class='ocrx_word' id='word_1_107' title='bbox 712 926 759 962; x_wconf 79' lang='lat' dir='ltr'><strong>ad</strong></span> <span class='ocrx_word' id='word_1_108' title='bbox 788 927 1118 975; x_wconf 79' lang='lat' dir='ltr'><strong>Jungcrnianmnn</strong></span> <span class='ocrx_word' id='word_1_109' title='bbox 1148 931 1185 962; x_wconf 72' lang='lat'><strong>4.</strong></span> <span class='ocrx_word' id='word_1_110' title='bbox 1211 924 1294 961; x_wconf 77' lang='lat' dir='ltr'><strong>Kal.</strong></span> <span class='ocrx_word' id='word_1_111' title='bbox 1318 926 1413 973; x_wconf 86' lang='lat' dir='ltr'><strong>Apr.</strong></span> <span class='ocrx_word' id='word_1_112' title='bbox 1435 938 1456 961; x_wconf 89' lang='lat' dir='ltr'>a</span> <span class='ocrx_word' id='word_1_113' title='bbox 1490 924 1604 963; x_wconf 83' lang='lat'>1606.</span> 
     </span>
     <span class='ocr_line' id='line_1_13' title="bbox 149 988 1605 1039; baseline 0.001 -15"><span class='ocrx_word' id='word_1_114' title='bbox 149 993 159 1007; x_wconf 72' lang='lat'><em>⁴</em></span> <span class='ocrx_word' id='word_1_115' title='bbox 182 989 538 1038; x_wconf 61' lang='lat' dir='ltr'><strong>lntmpretanfionenn</strong></span> <span class='ocrx_word' id='word_1_116' title='bbox 572 990 752 1027; x_wconf 81' lang='lat' dir='ltr'><strong>Planudis</strong></span> <span class='ocrx_word' id='word_1_117' title='bbox 776 990 916 1039; x_wconf 86' lang='lat' dir='ltr'><strong>potius,</strong></span> <span class='ocrx_word' id='word_1_118' title='bbox 936 989 1000 1039; x_wconf 83' lang='lat' dir='ltr'><strong>qui</strong></span> <span class='ocrx_word' id='word_1_119' title='bbox 1022 996 1059 1026; x_wconf 83' lang='lat' dir='ltr'><strong>ct</strong></span> <span class='ocrx_word' id='word_1_120' title='bbox 1085 988 1274 1026; x_wconf 78' lang='lat' dir='ltr'><strong>Ovidiana</strong></span> <span class='ocrx_word' id='word_1_121' title='bbox 1293 989 1404 1026; x_wconf 84' lang='lat' dir='ltr'><strong>vertit</strong></span> <span class='ocrx_word' id='word_1_122' title='bbox 1426 989 1605 1039; x_wconf 82' lang='lat' dir='ltr'><strong>quaedam</strong></span> 
     </span>
     <span class='ocr_line' id='line_1_14' title="bbox 150 1052 1607 1103; baseline 0.001 -15"><span class='ocrx_word' id='word_1_123' title='bbox 150 1064 226 1089; x_wconf 89' lang='lat' dir='ltr'><strong>non</strong></span> <span class='ocrx_word' id='word_1_124' title='bbox 256 1052 469 1097; x_wconf 67' lang='lat' dir='ltr'><strong>infeliciter,</strong></span> <span class='ocrx_word' id='word_1_125' title='bbox 492 1067 607 1103; x_wconf 79' lang='lat' dir='ltr'><strong>quam</strong></span> <span class='ocrx_word' id='word_1_126' title='bbox 629 1056 750 1091; x_wconf 70' lang='lat' dir='ltr'><strong>Gazae</strong></span> <span class='ocrx_word' id='word_1_127' title='bbox 779 1054 1022 1097; x_wconf 70' lang='lat' dir='ltr'><strong>crediderim,</strong></span> <span class='ocrx_word' id='word_1_128' title='bbox 1045 1053 1150 1103; x_wconf 85' lang='lat' dir='ltr'><strong>quod</strong></span> <span class='ocrx_word' id='word_1_129' title='bbox 1173 1066 1192 1089; x_wconf 93' lang='lat' dir='ltr'><strong>e</strong></span> <span class='ocrx_word' id='word_1_130' title='bbox 1214 1053 1408 1103; x_wconf 75' lang='lat' dir='ltr'><strong>pltrasiuin</strong></span> <span class='ocrx_word' id='word_1_131' title='bbox 1432 1053 1607 1091; x_wconf 84' lang='lat' dir='ltr'><strong>similitu-</strong></span> 
     </span>
     <span class='ocr_line' id='line_1_15' title="bbox 148 1115 1608 1167; baseline 0.001 -15"><span class='ocrx_word' id='word_1_132' title='bbox 148 1115 234 1153; x_wconf 86' lang='lat' dir='ltr'><strong>dine</strong></span> <span class='ocrx_word' id='word_1_133' title='bbox 255 1115 366 1153; x_wconf 79' lang='lat' dir='ltr'><strong>facile</strong></span> <span class='ocrx_word' id='word_1_134' title='bbox 386 1117 646 1167; x_wconf 79' lang='lat' dir='ltr'><strong>conjeceri1n.&#39;</strong></span> <span class='ocrx_word' id='word_1_135' title='bbox 702 1119 836 1156; x_wconf 74' lang='lat' dir='ltr'><strong>Petrus</strong></span> <span class='ocrx_word' id='word_1_136' title='bbox 857 1119 1067 1156; x_wconf 83' lang='lat' dir='ltr'><strong>Scriverius</strong></span> <span class='ocrx_word' id='word_1_137' title='bbox 1102 1118 1216 1154; x_wconf 83' lang='lat' dir='ltr'><strong>literis</strong></span> <span class='ocrx_word' id='word_1_138' title='bbox 1248 1117 1294 1154; x_wconf 75' lang='lat' dir='ltr'><strong>ad</strong></span> <span class='ocrx_word' id='word_1_139' title='bbox 1328 1118 1493 1154; x_wconf 81' lang='lat' dir='ltr'><strong>eundem</strong></span> <span class='ocrx_word' id='word_1_140' title='bbox 1515 1118 1608 1156; x_wconf 92' lang='lat' dir='ltr'><strong>Jun-</strong></span> 
     </span>
     <span class='ocr_line' id='line_1_16' title="bbox 150 1181 1604 1234; baseline 0.001 -16"><span class='ocrx_word' id='word_1_141' title='bbox 150 1193 421 1230; x_wconf 78' lang='lat' dir='ltr'><strong>gerinannnm:</strong></span> <span class='ocrx_word' id='word_1_142' title='bbox 454 1188 463 1202; x_wconf 89' lang='lat'><em>“</em></span> <span class='ocrx_word' id='word_1_143' title='bbox 486 1183 578 1220; x_wconf 79' lang='lat' dir='ltr'><strong>Belli</strong></span> <span class='ocrx_word' id='word_1_144' title='bbox 601 1184 745 1221; x_wconf 78' lang='lat' dir='ltr'><strong>Gallici</strong></span> <span class='ocrx_word' id='word_1_145' title='bbox 769 1183 952 1234; x_wconf 78' lang='lat' dir='ltr'><strong>interpres</strong></span> <span class='ocrx_word' id='word_1_146' title='bbox 980 1183 1043 1219; x_wconf 87' lang='lat' dir='ltr'><strong>ille</strong></span> <span class='ocrx_word' id='word_1_147' title='bbox 1072 1184 1235 1219; x_wconf 77' lang='lat' dir='ltr'><strong>Graecus</strong></span> <span class='ocrx_word' id='word_1_148' title='bbox 1264 1194 1337 1218; x_wconf 88' lang='lat' dir='ltr'><strong>non</strong></span> <span class='ocrx_word' id='word_1_149' title='bbox 1369 1188 1424 1219; x_wconf 78' lang='lat' dir='ltr'><strong>est</strong></span> <span class='ocrx_word' id='word_1_150' title='bbox 1451 1181 1604 1231; x_wconf 88' lang='lat' dir='ltr'><strong>quidem</strong></span> 
     </span>
     <span class='ocr_line' id='line_1_17' title="bbox 148 1245 1603 1297; baseline 0.001 -16"><span class='ocrx_word' id='word_1_151' title='bbox 148 1246 463 1291; x_wconf 80' lang='lat' dir='ltr'><strong>contetnuemlus,</strong></span> <span class='ocrx_word' id='word_1_152' title='bbox 485 1247 551 1284; x_wconf 86' lang='lat' dir='ltr'><strong>sed</strong></span> <span class='ocrx_word' id='word_1_153' title='bbox 573 1254 698 1285; x_wconf 83' lang='lat' dir='ltr'><strong>tamen</strong></span> <span class='ocrx_word' id='word_1_154' title='bbox 730 1247 831 1284; x_wconf 80' lang='lat' dir='ltr'><strong>haud</strong></span> <span class='ocrx_word' id='word_1_155' title='bbox 862 1248 915 1285; x_wconf 85' lang='lat' dir='ltr'><strong>ita</strong></span> <span class='ocrx_word' id='word_1_156' title='bbox 949 1259 1087 1297; x_wconf 84' lang='lat' dir='ltr'><strong>magno</strong></span> <span class='ocrx_word' id='word_1_157' title='bbox 1120 1245 1313 1283; x_wconf 81' lang='lat' dir='ltr'><strong>literarum</strong></span> <span class='ocrx_word' id='word_1_158' title='bbox 1343 1245 1603 1282; x_wconf 84' lang='lat' dir='ltr'><strong>emolumento</strong></span> 
     </span>
     <span class='ocr_line' id='line_1_18' title="bbox 150 1308 1607 1360; baseline 0.001 -15"><span class='ocrx_word' id='word_1_159' title='bbox 150 1308 298 1359; x_wconf 83' lang='lat' dir='ltr'><strong>legitur,</strong></span> <span class='ocrx_word' id='word_1_160' title='bbox 320 1316 360 1347; x_wconf 86' lang='lat' dir='ltr'><strong>ut</strong></span> <span class='ocrx_word' id='word_1_161' title='bbox 381 1310 525 1359; x_wconf 80' lang='lat' dir='ltr'><strong>ubsque</strong></span> <span class='ocrx_word' id='word_1_162' title='bbox 556 1311 629 1347; x_wconf 84' lang='lat' dir='ltr'><strong>ulla</strong></span> <span class='ocrx_word' id='word_1_163' title='bbox 651 1311 914 1348; x_wconf 81' lang='lat' dir='ltr'><strong>studiosorum</strong></span> <span class='ocrx_word' id='word_1_164' title='bbox 937 1311 1071 1348; x_wconf 84' lang='lat' dir='ltr'><strong>fraude</strong></span> <span class='ocrx_word' id='word_1_165' title='bbox 1097 1316 1246 1360; x_wconf 84' lang='lat' dir='ltr'><strong>poterat</strong></span> <span class='ocrx_word' id='word_1_166' title='bbox 1276 1309 1482 1354; x_wconf 82' lang='lat' dir='ltr'><strong>obliterari,</strong></span> <span class='ocrx_word' id='word_1_167' title='bbox 1503 1309 1607 1359; x_wconf 82' lang='lat' dir='ltr'><strong>quis-</strong></span> 
     </span>
     <span class='ocr_line' id='line_1_19' title="bbox 147 1374 1604 1425; baseline 0.001 -15"><span class='ocrx_word' id='word_1_168' title='bbox 147 1374 232 1422; x_wconf 87' lang='lat' dir='ltr'><strong>quis</strong></span> <span class='ocrx_word' id='word_1_169' title='bbox 253 1380 323 1411; x_wconf 78' lang='lat' dir='ltr'><strong>cst.</strong></span> <span class='ocrx_word' id='word_1_170' title='bbox 381 1374 455 1411; x_wconf 87' lang='lat' dir='ltr'><strong>Sed</strong></span> <span class='ocrx_word' id='word_1_171' title='bbox 487 1375 646 1424; x_wconf 80' lang='lat' dir='ltr'><strong>legatur,</strong></span> <span class='ocrx_word' id='word_1_172' title='bbox 667 1376 696 1412; x_wconf 87' lang='lat' dir='ltr'><strong>si</strong></span> <span class='ocrx_word' id='word_1_173' title='bbox 727 1376 810 1425; x_wconf 85' lang='lat' dir='ltr'><strong>quis</strong></span> <span class='ocrx_word' id='word_1_174' title='bbox 841 1381 968 1412; x_wconf 78' lang='lat' dir='ltr'><strong>tumen</strong></span> <span class='ocrx_word' id='word_1_175' title='bbox 1003 1375 1087 1411; x_wconf 74' lang='lat' dir='ltr'><strong>haec</strong></span> <span class='ocrx_word' id='word_1_176' title='bbox 1119 1387 1275 1423; x_wconf 85' lang='lat' dir='ltr'><strong>quoque</strong></span> <span class='ocrx_word' id='word_1_177' title='bbox 1306 1380 1444 1423; x_wconf 86' lang='lat' dir='ltr'><strong>captus</strong></span> <span class='ocrx_word' id='word_1_178' title='bbox 1475 1386 1604 1411; x_wconf 86' lang='lat' dir='ltr'><strong>amore</strong></span> 
     </span>
     <span class='ocr_line' id='line_1_20' title="bbox 145 1437 1605 1489; baseline 0 -15"><span class='ocrx_word' id='word_1_179' title='bbox 145 1437 273 1487; x_wconf 60' lang='lat' dir='ltr'><strong>leget!</strong></span> <span class='ocrx_word' id='word_1_180' title='bbox 328 1438 511 1475; x_wconf 85' lang='lat' dir='ltr'><strong>Occurrit</strong></span> <span class='ocrx_word' id='word_1_181' title='bbox 532 1439 567 1475; x_wconf 90' lang='lat' dir='ltr'><strong>in</strong></span> <span class='ocrx_word' id='word_1_182' title='bbox 591 1439 758 1477; x_wconf 77' lang='lat' dir='ltr'><strong>editione</strong></span> <span class='ocrx_word' id='word_1_183' title='bbox 794 1447 953 1489; x_wconf 80' lang='lat' dir='ltr'><strong>utruque</strong></span> <span class='ocrx_word' id='word_1_184' title='bbox 989 1439 1222 1489; x_wconf 83' lang='lat' dir='ltr'><strong>scriptorum</strong></span> <span class='ocrx_word' id='word_1_185' title='bbox 1253 1437 1415 1475; x_wconf 73' lang='lat' dir='ltr'><strong>Caesaris</strong></span> <span class='ocrx_word' id='word_1_186' title='bbox 1439 1438 1605 1486; x_wconf 78' lang='lat' dir='ltr'><strong>Junger-</strong></span> 
     </span>
     <span class='ocr_line' id='line_1_21' title="bbox 147 1501 1608 1554; baseline 0.001 -17"><span class='ocrx_word' id='word_1_187' title='bbox 147 1501 362 1547; x_wconf 71' lang='lat' dir='ltr'><strong>mariniana,</strong></span> <span class='ocrx_word' id='word_1_188' title='bbox 383 1503 506 1540; x_wconf 85' lang='lat' dir='ltr'><strong>latinis</strong></span> <span class='ocrx_word' id='word_1_189' title='bbox 525 1517 570 1540; x_wconf 80' lang='lat' dir='ltr'><strong>ex</strong></span> <span class='ocrx_word' id='word_1_190' title='bbox 592 1503 755 1541; x_wconf 79' lang='lat' dir='ltr'><strong>adverso</strong></span> <span class='ocrx_word' id='word_1_191' title='bbox 777 1517 845 1554; x_wconf 86' lang='lat' dir='ltr'><strong>per</strong></span> <span class='ocrx_word' id='word_1_192' title='bbox 866 1505 1033 1554; x_wconf 81' lang='lat' dir='ltr'><strong>singulas</strong></span> <span class='ocrx_word' id='word_1_193' title='bbox 1055 1504 1212 1553; x_wconf 80' lang='lat' dir='ltr'><strong>paginas</strong></span> <span class='ocrx_word' id='word_1_194' title='bbox 1234 1502 1368 1551; x_wconf 78' lang='lat' dir='ltr'><strong>posita,</strong></span> <span class='ocrx_word' id='word_1_195' title='bbox 1392 1501 1444 1538; x_wconf 86' lang='lat' dir='ltr'><strong>uti</strong></span> <span class='ocrx_word' id='word_1_196' title='bbox 1467 1501 1608 1538; x_wconf 82' lang='lat' dir='ltr'><strong>versio-</strong></span> 
     </span>
     <span class='ocr_line' id='line_1_22' title="bbox 145 1565 1605 1616; baseline 0.001 -15"><span class='ocrx_word' id='word_1_197' title='bbox 145 1577 212 1602; x_wconf 84' lang='lat' dir='ltr'><strong>nes</strong></span> <span class='ocrx_word' id='word_1_198' title='bbox 234 1566 379 1603; x_wconf 84' lang='lat' dir='ltr'><strong>Latinae</strong></span> <span class='ocrx_word' id='word_1_199' title='bbox 400 1567 632 1616; x_wconf 85' lang='lat' dir='ltr'><strong>scriptorum</strong></span> <span class='ocrx_word' id='word_1_200' title='bbox 657 1568 886 1604; x_wconf 80' lang='lat' dir='ltr'><strong>Graecorum</strong></span> <span class='ocrx_word' id='word_1_201' title='bbox 920 1568 1061 1604; x_wconf 85' lang='lat' dir='ltr'><strong>solent:</strong></span> <span class='ocrx_word' id='word_1_202' title='bbox 1097 1567 1161 1604; x_wconf 73' lang='lat' dir='ltr'><strong>sed</strong></span> <span class='ocrx_word' id='word_1_203' title='bbox 1192 1567 1227 1602; x_wconf 94' lang='lat' dir='ltr'><strong>in</strong></span> <span class='ocrx_word' id='word_1_204' title='bbox 1264 1565 1430 1602; x_wconf 84' lang='lat' dir='ltr'><strong>editione</strong></span> <span class='ocrx_word' id='word_1_205' title='bbox 1460 1565 1605 1602; x_wconf 87' lang='lat' dir='ltr'><strong>Davisii</strong></span> 
     </span>
     <span class='ocr_line' id='line_1_23' title="bbox 146 1628 1607 1681; baseline 0 -16"><span class='ocrx_word' id='word_1_206' title='bbox 146 1628 195 1666; x_wconf 82' lang='lat' dir='ltr'><strong>ad</strong></span> <span class='ocrx_word' id='word_1_207' title='bbox 217 1629 363 1666; x_wconf 72' lang='lat' dir='ltr'><strong>calcent</strong></span> <span class='ocrx_word' id='word_1_208' title='bbox 389 1631 593 1668; x_wconf 87' lang='lat' dir='ltr'><strong>voluminis</strong></span> <span class='ocrx_word' id='word_1_209' title='bbox 621 1631 764 1680; x_wconf 84' lang='lat' dir='ltr'><strong>rejecta</strong></span> <span class='ocrx_word' id='word_1_210' title='bbox 785 1631 935 1681; x_wconf 83' lang='lat' dir='ltr'><strong>legitur.</strong></span> <span class='ocrx_word' id='word_1_211' title='bbox 993 1631 1140 1669; x_wconf 79' lang='lat' dir='ltr'><strong>Gallice</strong></span> <span class='ocrx_word' id='word_1_212' title='bbox 1171 1637 1315 1667; x_wconf 90' lang='lat' dir='ltr'><strong>vertere</strong></span> <span class='ocrx_word' id='word_1_213' title='bbox 1340 1632 1502 1678; x_wconf 84' lang='lat' dir='ltr'><strong>(partem</strong></span> <span class='ocrx_word' id='word_1_214' title='bbox 1537 1628 1607 1666; x_wconf 82' lang='lat' dir='ltr'><strong>sal-</strong></span> 
     </span>
     <span class='ocr_line' id='line_1_24' title="bbox 146 1693 1604 1745; baseline 0.001 -17"><span class='ocrx_word' id='word_1_215' title='bbox 146 1694 240 1737; x_wconf 87' lang='lat' dir='ltr'><strong>tem)</strong></span> <span class='ocrx_word' id='word_1_216' title='bbox 259 1693 327 1730; x_wconf 88' lang='lat' dir='ltr'><strong>hos</strong></span> <span class='ocrx_word' id='word_1_217' title='bbox 348 1693 462 1731; x_wconf 85' lang='lat' dir='ltr'><strong>libros</strong></span> <span class='ocrx_word' id='word_1_218' title='bbox 483 1696 608 1745; x_wconf 86' lang='lat' dir='ltr'><strong>Reges</strong></span> <span class='ocrx_word' id='word_1_219' title='bbox 637 1696 824 1740; x_wconf 78' lang='lat' dir='ltr'><strong>Franciae,</strong></span> <span class='ocrx_word' id='word_1_220' title='bbox 859 1696 1056 1733; x_wconf 74' lang='lat' dir='ltr'><strong>Hem-icus</strong></span> <span class='ocrx_word' id='word_1_221' title='bbox 1078 1706 1138 1732; x_wconf 81' lang='lat' dir='ltr'><strong>lv.</strong></span> <span class='ocrx_word' id='word_1_222' title='bbox 1160 1701 1256 1732; x_wconf 78' lang='lat' dir='ltr'><strong>teste</strong></span> <span class='ocrx_word' id='word_1_223' title='bbox 1289 1695 1340 1731; x_wconf 89' lang='lat' dir='ltr'><strong>Is.</strong></span> <span class='ocrx_word' id='word_1_224' title='bbox 1369 1693 1604 1730; x_wconf 81' lang='lat' dir='ltr'><strong>Casaubono</strong></span> 
     </span>
     <span class='ocr_line' id='line_1_25' title="bbox 145 1755 1600 1808; baseline 0.001 -16"><span class='ocrx_word' id='word_1_225' title='bbox 145 1756 256 1806; x_wconf 82' lang='lat' dir='ltr'><strong>praef.</strong></span> <span class='ocrx_word' id='word_1_226' title='bbox 277 1756 325 1794; x_wconf 81' lang='lat' dir='ltr'><strong>ad</strong></span> <span class='ocrx_word' id='word_1_227' title='bbox 350 1758 567 1808; x_wconf 78' lang='lat' dir='ltr'><strong>Polybium,</strong></span> <span class='ocrx_word' id='word_1_228' title='bbox 588 1765 626 1795; x_wconf 90' lang='lat' dir='ltr'><strong>et</strong></span> <span class='ocrx_word' id='word_1_229' title='bbox 646 1758 867 1796; x_wconf 73' lang='lat' dir='ltr'><strong>Ludovicns</strong></span> <span class='ocrx_word' id='word_1_230' title='bbox 884 1769 980 1796; x_wconf 75' lang='lat' dir='ltr'>x1v.</span> <span class='ocrx_word' id='word_1_231' title='bbox 997 1758 1060 1807; x_wconf 84' lang='lat' dir='ltr'><strong>cuj</strong></span> <span class='ocrx_word' id='word_1_232' title='bbox 1070 1771 1110 1794; x_wconf 87' lang='lat' dir='ltr'><strong>us</strong></span> <span class='ocrx_word' id='word_1_233' title='bbox 1141 1758 1252 1795; x_wconf 82' lang='lat' dir='ltr'><strong>etiam</strong></span> <span class='ocrx_word' id='word_1_234' title='bbox 1275 1756 1378 1806; x_wconf 76' lang='lat' dir='ltr'><strong>typis</strong></span> <span class='ocrx_word' id='word_1_235' title='bbox 1407 1755 1600 1806; x_wconf 76' lang='lat' dir='ltr'><strong>exscripta</strong></span> 
     </span>
     <span class='ocr_line' id='line_1_26' title="bbox 145 1819 1604 1872; baseline 0 -15"><span class='ocrx_word' id='word_1_236' title='bbox 145 1827 202 1858; x_wconf 89' lang='lat' dir='ltr'><strong>est</strong></span> <span class='ocrx_word' id='word_1_237' title='bbox 238 1821 513 1872; x_wconf 78' lang='lat' dir='ltr'><strong>interpretatio.</strong></span> <span class='ocrx_word' id='word_1_238' title='bbox 570 1824 627 1860; x_wconf 83' lang='lat' dir='ltr'><strong>De</strong></span> <span class='ocrx_word' id='word_1_239' title='bbox 655 1822 779 1859; x_wconf 87' lang='lat' dir='ltr'><strong>Asinii</strong></span> <span class='ocrx_word' id='word_1_240' title='bbox 811 1821 996 1859; x_wconf 86' lang='lat' dir='ltr'><strong>Pollionis</strong></span> <span class='ocrx_word' id='word_1_241' title='bbox 1036 1833 1209 1865; x_wconf 82' lang='lat' dir='ltr'><strong>censura,</strong></span> <span class='ocrx_word' id='word_1_242' title='bbox 1231 1820 1296 1870; x_wconf 83' lang='lat' dir='ltr'><strong>qni</strong></span> <span class='ocrx_word' id='word_1_243' title='bbox 1323 1819 1482 1857; x_wconf 78' lang='lat' dir='ltr'><strong>Caesaris</strong></span> <span class='ocrx_word' id='word_1_244' title='bbox 1500 1831 1604 1857; x_wconf 88' lang='lat' dir='ltr'><strong>com·</strong></span> 
     </span>
     <span class='ocr_line' id='line_1_27' title="bbox 144 1882 1605 1936; baseline -0.001 -16"><span class='ocrx_word' id='word_1_245' title='bbox 144 1885 365 1930; x_wconf 73' lang='lat' dir='ltr'><strong>mental-ios,</strong></span> <span class='ocrx_word' id='word_1_246' title='bbox 398 1892 438 1922; x_wconf 89' lang='lat' dir='ltr'><strong>ut</strong></span> <span class='ocrx_word' id='word_1_247' title='bbox 477 1899 612 1936; x_wconf 78' lang='lat' dir='ltr'><strong>parum</strong></span> <span class='ocrx_word' id='word_1_248' title='bbox 647 1885 862 1935; x_wconf 84' lang='lat' dir='ltr'><strong>diligentes,</strong></span> <span class='ocrx_word' id='word_1_249' title='bbox 896 1898 1021 1935; x_wconf 87' lang='lat' dir='ltr'><strong>neque</strong></span> <span class='ocrx_word' id='word_1_250' title='bbox 1062 1885 1208 1934; x_wconf 87' lang='lat' dir='ltr'><strong>integra</strong></span> <span class='ocrx_word' id='word_1_251' title='bbox 1237 1884 1396 1921; x_wconf 81' lang='lat' dir='ltr'><strong>veritate</strong></span> <span class='ocrx_word' id='word_1_252' title='bbox 1425 1882 1605 1932; x_wconf 77' lang='lat' dir='ltr'><strong>scriptos,</strong></span> 
     </span>
     <span class='ocr_line' id='line_1_28' title="bbox 142 1945 1604 1997; baseline -0.001 -13"><span class='ocrx_word' id='word_1_253' title='bbox 142 1948 403 1997; x_wconf 89' lang='lat' dir='ltr'><strong>reprehendit,</strong></span> <span class='ocrx_word' id='word_1_254' title='bbox 426 1956 522 1987; x_wconf 81' lang='lat' dir='ltr'><strong>teste</strong></span> <span class='ocrx_word' id='word_1_255' title='bbox 552 1950 737 1988; x_wconf 87' lang='lat' dir='ltr'><strong>Suetonio</strong></span> <span class='ocrx_word' id='word_1_256' title='bbox 757 1951 792 1986; x_wconf 92' lang='lat' dir='ltr'><strong>in</strong></span> <span class='ocrx_word' id='word_1_257' title='bbox 813 1951 962 1987; x_wconf 74' lang='lat' dir='ltr'><strong>Caesare</strong></span> <span class='ocrx_word' id='word_1_258' title='bbox 992 1962 1027 1986; x_wconf 86' lang='lat' dir='ltr'><strong>e.</strong></span> <span class='ocrx_word' id='word_1_259' title='bbox 1059 1949 1123 1987; x_wconf 81' lang='lat'><strong>56.</strong></span> <span class='ocrx_word' id='word_1_260' title='bbox 1154 1947 1356 1985; x_wconf 82' lang='lat' dir='ltr'><strong>adeundus</strong></span> <span class='ocrx_word' id='word_1_261' title='bbox 1384 1945 1604 1984; x_wconf 84' lang='lat' dir='ltr'><strong>Morbofius</strong></span> 
     </span>
     <span class='ocr_line' id='line_1_29' title="bbox 144 2010 1606 2063; baseline 0.001 -17"><span class='ocrx_word' id='word_1_262' title='bbox 144 2010 243 2048; x_wconf 87' lang='lat' dir='ltr'><strong>libro</strong></span> <span class='ocrx_word' id='word_1_263' title='bbox 263 2011 312 2049; x_wconf 90' lang='lat' dir='ltr'><strong>de</strong></span> <span class='ocrx_word' id='word_1_264' title='bbox 332 2012 590 2050; x_wconf 81' lang='lat' dir='ltr'><strong>Patavinitate</strong></span> <span class='ocrx_word' id='word_1_265' title='bbox 613 2013 770 2050; x_wconf 81' lang='lat' dir='ltr'><strong>Liviana</strong></span> <span class='ocrx_word' id='word_1_266' title='bbox 793 2026 881 2063; x_wconf 81' lang='lat' dir='ltr'><strong>cap.</strong></span> <span class='ocrx_word' id='word_1_267' title='bbox 904 2018 942 2050; x_wconf 79' lang='lat'><strong>4.</strong></span> <span class='ocrx_word' id='word_1_268' title='bbox 964 2020 1003 2050; x_wconf 89' lang='lat' dir='ltr'><strong>et</strong></span> <span class='ocrx_word' id='word_1_269' title='bbox 1022 2012 1160 2050; x_wconf 83' lang='lat' dir='ltr'><strong>Joach.</strong></span> <span class='ocrx_word' id='word_1_270' title='bbox 1183 2011 1410 2061; x_wconf 83' lang='lat' dir='ltr'><strong>Christoplt.</strong></span> <span class='ocrx_word' id='word_1_271' title='bbox 1432 2010 1606 2048; x_wconf 81' lang='lat' dir='ltr'><strong>Nemeitz</strong></span> 
     </span>
     <span class='ocr_line' id='line_1_30' title="bbox 145 2075 1603 2126; baseline 0 -15"><span class='ocrx_word' id='word_1_272' title='bbox 145 2075 194 2112; x_wconf 87' lang='lat' dir='ltr'><strong>de</strong></span> <span class='ocrx_word' id='word_1_273' title='bbox 224 2075 411 2114; x_wconf 83' lang='lat' dir='ltr'><strong>modestia</strong></span> <span class='ocrx_word' id='word_1_274' title='bbox 463 2077 644 2115; x_wconf 82' lang='lat' dir='ltr'><strong>historica</strong></span> <span class='ocrx_word' id='word_1_275' title='bbox 676 2077 713 2114; x_wconf 89' lang='lat' dir='ltr'><strong>in</strong></span> <span class='ocrx_word' id='word_1_276' title='bbox 751 2077 921 2115; x_wconf 87' lang='lat' dir='ltr'><strong>censuris</strong></span> <span class='ocrx_word' id='word_1_277' title='bbox 950 2077 1171 2126; x_wconf 86' lang='lat' dir='ltr'><strong>principum</strong></span> <span class='ocrx_word' id='word_1_278' title='bbox 1209 2075 1448 2113; x_wconf 74' lang='lat' dir='ltr'><strong>observanda</strong></span> <span class='ocrx_word' id='word_1_279' title='bbox 1484 2078 1500 2121; x_wconf 62' lang='grc' dir='ltr'>ξ</span> <span class='ocrx_word' id='word_1_280' title='bbox 1543 2079 1603 2111; x_wconf 77' lang='lat'><strong>14.</strong></span> 
     </span>
     <span class='ocr_line' id='line_1_31' title="bbox 146 2137 1602 2185; baseline 0 -11"><span class='ocrx_word' id='word_1_281' title='bbox 146 2137 299 2175; x_wconf 77' lang='lat' dir='ltr'><strong>prodiit</strong></span> <span class='ocrx_word' id='word_1_282' title='bbox 345 2140 508 2177; x_wconf 82' lang='lat' dir='ltr'><strong>Londini</strong></span> <span class='ocrx_word' id='word_1_283' title='bbox 542 2142 756 2178; x_wconf 82' lang='lat' dir='ltr'><strong>Scanorum</strong></span> <span class='ocrx_word' id='word_1_284' title='bbox 799 2146 913 2185; x_wconf 84' lang='grc'>1709.</span> <span class='ocrx_word' id='word_1_285' title='bbox 952 2147 989 2179; x_wconf 85' lang='grc'><strong>8.</strong></span> <span class='ocrx_word' id='word_1_286' title='bbox 1039 2141 1210 2177; x_wconf 78' lang='lat' dir='ltr'><strong>Portum</strong></span> <span class='ocrx_word' id='word_1_287' title='bbox 1252 2139 1391 2177; x_wconf 83' lang='lat' dir='ltr'><strong>Iccium</strong></span> <span class='ocrx_word' id='word_1_288' title='bbox 1423 2137 1602 2182; x_wconf 81' lang='lat' dir='ltr'><strong>Caesaris,</strong></span> 
     </span>
     <span class='ocr_line' id='line_1_32' title="bbox 147 2200 1604 2254; baseline 0 -16"><span class='ocrx_word' id='word_1_289' title='bbox 147 2202 374 2240; x_wconf 61' lang='lat' dir='ltr'><strong>stlat-dicum</strong></span> <span class='ocrx_word' id='word_1_290' title='bbox 411 2217 495 2241; x_wconf 84' lang='lat' dir='ltr'><strong>esse</strong></span> <span class='ocrx_word' id='word_1_291' title='bbox 536 2205 726 2254; x_wconf 86' lang='lat' dir='ltr'><strong>persuasit</strong></span> <span class='ocrx_word' id='word_1_292' title='bbox 763 2205 836 2242; x_wconf 84' lang='lat' dir='ltr'><strong>sibi</strong></span> <span class='ocrx_word' id='word_1_293' title='bbox 874 2207 938 2243; x_wconf 90' lang='lat' dir='ltr'><strong>Jo.</strong></span> <span class='ocrx_word' id='word_1_294' title='bbox 976 2205 1061 2242; x_wconf 80' lang='lat' dir='ltr'><strong>Jac.</strong></span> <span class='ocrx_word' id='word_1_295' title='bbox 1099 2203 1301 2242; x_wconf 79' lang='lat' dir='ltr'><strong>Chifletius</strong></span> <span class='ocrx_word' id='word_1_296' title='bbox 1338 2202 1466 2240; x_wconf 87' lang='lat' dir='ltr'><strong>libello</strong></span> <span class='ocrx_word' id='word_1_297' title='bbox 1500 2200 1604 2239; x_wconf 89' lang='lat' dir='ltr'><strong>edito</strong></span> 
     </span>
     <span class='ocr_line' id='line_1_33' title="bbox 146 2266 1602 2316; baseline 0.001 -14"><span class='ocrx_word' id='word_1_298' title='bbox 146 2267 346 2316; x_wconf 86' lang='lat' dir='ltr'><strong>Antwerp.</strong></span> <span class='ocrx_word' id='word_1_299' title='bbox 375 2266 488 2305; x_wconf 77' lang='lat'>1626.</span> <span class='ocrx_word' id='word_1_300' title='bbox 514 2267 624 2311; x_wconf 73' lang='lat'>1627.</span> <span class='ocrx_word' id='word_1_301' title='bbox 647 2274 684 2306; x_wconf 73' lang='lat'><strong>4.</strong></span> <span class='ocrx_word' id='word_1_302' title='bbox 716 2269 818 2306; x_wconf 83' lang='lat' dir='ltr'>Sam.</span> <span class='ocrx_word' id='word_1_303' title='bbox 839 2268 1016 2306; x_wconf 86' lang='lat' dir='ltr'><strong>Clarkius</strong></span> <span class='ocrx_word' id='word_1_304' title='bbox 1045 2282 1133 2305; x_wconf 88' lang='lat' dir='ltr'><strong>cum</strong></span> <span class='ocrx_word' id='word_1_305' title='bbox 1155 2268 1284 2305; x_wconf 87' lang='lat' dir='ltr'><strong>multis</strong></span> <span class='ocrx_word' id='word_1_306' title='bbox 1311 2267 1393 2303; x_wconf 87' lang='lat' dir='ltr'><strong>aliis</strong></span> <span class='ocrx_word' id='word_1_307' title='bbox 1417 2266 1602 2313; x_wconf 80' lang='lat' dir='ltr'><strong>Caletam,</strong></span> 
     </span>
     <span class='ocr_line' id='line_1_34' title="bbox 142 2329 1603 2382; baseline 0 -16"><span class='ocrx_word' id='word_1_308' title='bbox 142 2329 244 2367; x_wconf 89' lang='lat' dir='ltr'><strong>illive</strong></span> <span class='ocrx_word' id='word_1_309' title='bbox 282 2330 453 2368; x_wconf 83' lang='lat' dir='ltr'><strong>vicinum</strong></span> <span class='ocrx_word' id='word_1_310' title='bbox 476 2330 723 2382; x_wconf 80' lang='lat' dir='ltr'><strong>Sangatum:</strong></span> <span class='ocrx_word' id='word_1_311' title='bbox 763 2332 922 2370; x_wconf 84' lang='lat' dir='ltr'><strong>Carolus</strong></span> <span class='ocrx_word' id='word_1_312' title='bbox 961 2333 1014 2369; x_wconf 90' lang='lat' dir='ltr'><strong>du</strong></span> <span class='ocrx_word' id='word_1_313' title='bbox 1054 2333 1195 2369; x_wconf 86' lang='lat' dir='ltr'><strong>Fresne</strong></span> <span class='ocrx_word' id='word_1_314' title='bbox 1228 2331 1278 2368; x_wconf 86' lang='lat' dir='ltr'><strong>ad</strong></span> <span class='ocrx_word' id='word_1_315' title='bbox 1316 2329 1532 2369; x_wconf 84' lang='lat' dir='ltr'><strong>Joinviltam</strong></span> <span class='ocrx_word' id='word_1_316' title='bbox 1566 2336 1603 2366; x_wconf 87' lang='lat' dir='ltr'><strong>et</strong></span> 
     </span>
    </p>
   </div>
   <div class='ocr_carea' id='block_1_3' title="bbox 141 2478 1604 2777">
    <p class='ocr_par' dir='ltr' id='par_1_4' title="bbox 141 2478 1604 2777">
     <span class='ocr_line' id='line_1_35' title="bbox 143 2478 1604 2522; baseline 0 -13"><span class='ocrx_word' id='word_1_317' title='bbox 143 2479 221 2520; x_wconf 83' lang='lat' dir='ltr'><strong>qula</strong></span> <span class='ocrx_word' id='word_1_318' title='bbox 252 2484 385 2519; x_wconf 76' lang='lat' dir='ltr'><strong>tempus</strong></span> <span class='ocrx_word' id='word_1_319' title='bbox 427 2484 610 2522; x_wconf 82' lang='lat' dir='ltr'><strong>utcumque</strong></span> <span class='ocrx_word' id='word_1_320' title='bbox 650 2481 841 2513; x_wconf 85' lang='lat' dir='ltr'><strong>observant.</strong></span> <span class='ocrx_word' id='word_1_321' title='bbox 897 2482 963 2513; x_wconf 86' lang='lat' dir='ltr'><strong>lico</strong></span> <span class='ocrx_word' id='word_1_322' title='bbox 987 2482 1131 2512; x_wconf 70' lang='lat' dir='ltr'><strong>lacunte.</strong></span> <span class='ocrx_word' id='word_1_323' title='bbox 1175 2481 1298 2522; x_wconf 86' lang='lat' dir='ltr'><strong>Neque</strong></span> <span class='ocrx_word' id='word_1_324' title='bbox 1326 2480 1417 2510; x_wconf 85' lang='lat' dir='ltr'><strong>aliud</strong></span> <span class='ocrx_word' id='word_1_325' title='bbox 1448 2478 1604 2510; x_wconf 80' lang='lat' dir='ltr'><strong>existimo</strong></span> 
     </span>
     <span class='ocr_line' id='line_1_36' title="bbox 143 2529 1604 2571; baseline -0.001 -10"><span class='ocrx_word' id='word_1_326' title='bbox 143 2530 267 2570; x_wconf 78' lang='lat' dir='ltr'><strong>Neque</strong></span> <span class='ocrx_word' id='word_1_327' title='bbox 283 2529 371 2559; x_wconf 87' lang='lat' dir='ltr'><strong>enim</strong></span> <span class='ocrx_word' id='word_1_328' title='bbox 383 2530 472 2560; x_wconf 85' lang='lat' dir='ltr'><strong>aliud</strong></span> <span class='ocrx_word' id='word_1_329' title='bbox 485 2540 566 2571; x_wconf 79' lang='lat' dir='ltr'><strong>opus</strong></span> <span class='ocrx_word' id='word_1_330' title='bbox 580 2530 722 2561; x_wconf 81' lang='lat' dir='ltr'><strong>Caesaris</strong></span> <span class='ocrx_word' id='word_1_331' title='bbox 734 2531 844 2571; x_wconf 85' lang='lat' dir='ltr'><strong>Ephe·</strong></span> <span class='ocrx_word' id='word_1_332' title='bbox 898 2542 971 2564; x_wconf 82' lang='lat' dir='ltr'><strong>esse</strong></span> <span class='ocrx_word' id='word_1_333' title='bbox 988 2533 1075 2565; x_wconf 81' lang='lat' dir='ltr'><strong>Julii</strong></span> <span class='ocrx_word' id='word_1_334' title='bbox 1091 2533 1235 2564; x_wconf 81' lang='lat' dir='ltr'><strong>Caesaris</strong></span> <span class='ocrx_word' id='word_1_335' title='bbox 1262 2532 1427 2570; x_wconf 78' lang='lat' dir='ltr'><strong>Chronica,</strong></span> <span class='ocrx_word' id='word_1_336' title='bbox 1444 2539 1518 2570; x_wconf 79' lang='lat' dir='ltr'><strong>quae</strong></span> <span class='ocrx_word' id='word_1_337' title='bbox 1536 2539 1604 2560; x_wconf 88' lang='lat' dir='ltr'><strong>ma-</strong></span> 
     </span>
     <span class='ocr_line' id='line_1_37' title="bbox 141 2579 1601 2622; baseline 0 -12"><span class='ocrx_word' id='word_1_338' title='bbox 141 2579 288 2611; x_wconf 84' lang='lat' dir='ltr'><strong>merides</strong></span> <span class='ocrx_word' id='word_1_339' title='bbox 316 2580 519 2621; x_wconf 84' lang='lat' dir='ltr'><strong>putaverim,</strong></span> <span class='ocrx_word' id='word_1_340' title='bbox 537 2581 631 2620; x_wconf 85' lang='lat' dir='ltr'><strong>licet,</strong></span> <span class='ocrx_word' id='word_1_341' title='bbox 646 2591 719 2621; x_wconf 81' lang='lat' dir='ltr'><strong>quae</strong></span> <span class='ocrx_word' id='word_1_342' title='bbox 737 2582 844 2612; x_wconf 79' lang='lat' dir='ltr'><strong>aSer-</strong></span> <span class='ocrx_word' id='word_1_343' title='bbox 897 2582 1075 2622; x_wconf 84' lang='lat' dir='ltr'><strong>nuscripta</strong></span> <span class='ocrx_word' id='word_1_344' title='bbox 1112 2586 1342 2612; x_wconf 84' lang='lat' dir='ltr'><strong>memorantur</strong></span> <span class='ocrx_word' id='word_1_345' title='bbox 1368 2581 1402 2611; x_wconf 83' lang='lat' dir='ltr'><strong>in</strong></span> <span class='ocrx_word' id='word_1_346' title='bbox 1433 2580 1601 2621; x_wconf 83' lang='lat' dir='ltr'><strong>Catalogo</strong></span> 
     </span>
     <span class='ocr_line' id='line_1_38' title="bbox 141 2629 1602 2672; baseline 0.001 -12"><span class='ocrx_word' id='word_1_347' title='bbox 141 2630 196 2661; x_wconf 84' lang='lat' dir='ltr'><strong>vio</strong></span> <span class='ocrx_word' id='word_1_348' title='bbox 212 2639 254 2661; x_wconf 86' lang='lat' dir='ltr'><strong>ex</strong></span> <span class='ocrx_word' id='word_1_349' title='bbox 266 2630 330 2661; x_wconf 85' lang='lat' dir='ltr'><strong>illis</strong></span> <span class='ocrx_word' id='word_1_350' title='bbox 347 2629 581 2671; x_wconf 86' lang='lat' dir='ltr'><strong>proferuntur,</strong></span> <span class='ocrx_word' id='word_1_351' title='bbox 599 2631 697 2662; x_wconf 89' lang='lat' dir='ltr'><strong>hodie</strong></span> <span class='ocrx_word' id='word_1_352' title='bbox 711 2631 844 2663; x_wconf 81' lang='lat' dir='ltr'><strong>deside·</strong></span> <span class='ocrx_word' id='word_1_353' title='bbox 898 2631 990 2662; x_wconf 86' lang='lat' dir='ltr'><strong>Bibl.</strong></span> <span class='ocrx_word' id='word_1_354' title='bbox 1003 2632 1048 2662; x_wconf 84' lang='lat' dir='ltr'><strong>Is.</strong></span> <span class='ocrx_word' id='word_1_355' title='bbox 1068 2631 1188 2662; x_wconf 83' lang='lat' dir='ltr'><strong>Vossii.</strong></span> <span class='ocrx_word' id='word_1_356' title='bbox 1206 2631 1346 2662; x_wconf 79' lang='lat' dir='ltr'><strong>Graecus</strong></span> <span class='ocrx_word' id='word_1_357' title='bbox 1370 2631 1538 2672; x_wconf 82' lang='lat' dir='ltr'><strong>interpres</strong></span> <span class='ocrx_word' id='word_1_358' title='bbox 1553 2631 1602 2661; x_wconf 90' lang='lat' dir='ltr'><strong>in-</strong></span> 
     </span>
     <span class='ocr_line' id='line_1_39' title="bbox 141 2681 1603 2723; baseline 0.002 -13"><span class='ocrx_word' id='word_1_359' title='bbox 141 2688 263 2711; x_wconf 83' lang='lat' dir='ltr'><strong>remus.</strong></span> <span class='ocrx_word' id='word_1_360' title='bbox 308 2681 395 2712; x_wconf 91' lang='lat' dir='ltr'><strong>Sunt</strong></span> <span class='ocrx_word' id='word_1_361' title='bbox 426 2686 519 2712; x_wconf 82' lang='lat' dir='ltr'><strong>certe</strong></span> <span class='ocrx_word' id='word_1_362' title='bbox 543 2681 708 2722; x_wconf 78' lang='lat' dir='ltr'><strong>quaedam,</strong></span> <span class='ocrx_word' id='word_1_363' title='bbox 723 2686 762 2713; x_wconf 91' lang='lat' dir='ltr'><strong>ut</strong></span> <span class='ocrx_word' id='word_1_364' title='bbox 787 2691 843 2713; x_wconf 90' lang='lat' dir='ltr'><strong>no-</strong></span> <span class='ocrx_word' id='word_1_365' title='bbox 902 2681 1348 2723; x_wconf 71' lang='grc' dir='ltr'>εονίρείῐᾶπομνημονεύματα</span> <span class='ocrx_word' id='word_1_366' title='bbox 1369 2683 1425 2714; x_wconf 84' lang='grc' dir='ltr'><strong>τοῦ</strong></span> <span class='ocrx_word' id='word_1_367' title='bbox 1440 2682 1525 2723; x_wconf 80' lang='grc' dir='ltr'>ἐντῇ</span> <span class='ocrx_word' id='word_1_368' title='bbox 1548 2685 1603 2714; x_wconf 82' lang='grc' dir='ltr'><strong>Γα-</strong></span> 
     </span>
     <span class='ocr_line' id='line_1_40' title="bbox 143 2730 1156 2777; baseline 0.006 -16"><span class='ocrx_word' id='word_1_369' title='bbox 143 2735 222 2762; x_wconf 79' lang='lat' dir='ltr'><strong>runt</strong></span> <span class='ocrx_word' id='word_1_370' title='bbox 238 2730 376 2773; x_wconf 85' lang='lat' dir='ltr'><strong>eruditi,</strong></span> <span class='ocrx_word' id='word_1_371' title='bbox 386 2731 421 2763; x_wconf 88' lang='lat' dir='ltr'><strong>in</strong></span> <span class='ocrx_word' id='word_1_372' title='bbox 432 2731 483 2764; x_wconf 87' lang='lat' dir='ltr'><strong>his</strong></span> <span class='ocrx_word' id='word_1_373' title='bbox 497 2731 592 2764; x_wconf 83' lang='lat' dir='ltr'><strong>tibris</strong></span> <span class='ocrx_word' id='word_1_374' title='bbox 605 2732 645 2764; x_wconf 87' lang='lat' dir='ltr'><strong>de</strong></span> <span class='ocrx_word' id='word_1_375' title='bbox 662 2731 749 2764; x_wconf 84' lang='lat' dir='ltr'><strong>bello</strong></span> <span class='ocrx_word' id='word_1_376' title='bbox 766 2732 845 2765; x_wconf 85' lang='lat' dir='ltr'><strong>Gal·</strong></span> <span class='ocrx_word' id='word_1_377' title='bbox 901 2733 994 2777; x_wconf 71' lang='grc' dir='ltr'><strong>λατίᾳ</strong></span> <span class='ocrx_word' id='word_1_378' title='bbox 1011 2733 1156 2773; x_wconf 77' lang='grc' dir='ltr'><strong>πολέμου.</strong></span> 
     </span>
    </p>
   </div>
  </div>
 </body>
</html>
