1872 3104
219 164 334 205 2040
690 175 896 206 NOTITIA
930 174 1208 205 mmmmm

218 270 400 308 Galliam.
456 270 586 307 Justus
607 283 764 319 quoque
790 270 936 319 Lipsius
957 269 1167 319 aliquando
1187 269 1338 320 putavit
1359 269 1473 306 alium
1493 283 1590 316 esse,
1607 272 1674 322 qui

216 333 263 371 de
286 335 388 370 lwtto
415 334 582 375 Gallico,
618 343 652 370 et
683 336 816 384 quide
847 334 945 370 civili
978 334 1205 384 scripsisset,
1227 335 1283 371 vel
1318 334 1451 372 saltem
1477 334 1594 372 libros
1623 335 1674 373 de

217 398 319 436 bello
340 397 491 434 (inllico
521 411 539 433 a
570 399 674 435 Juiio
711 401 824 435 (felso
855 399 1106 448 interpolatos
1135 398 1182 436 ad
1206 412 1273 435 nos
1305 399 1532 448 pervenisse,
1564 409 1613 437 II.
1635 405 1674 442 7.

216 461 384 499 Elector.
419 470 453 497 et
480 472 528 498 11.
552 464 792 509 Epistolicar.
827 471 961 512 (praest.
983 471 1019 500 ct
1050 464 1084 499 in
1115 470 1286 500 extremo
1322 464 1594 500 Aualectorum
1625 463 1672 500 ad

214 524 282 562 lib.
307 535 355 561 11.
379 524 425 559 ‹lc
445 525 575 561 miiitia
598 527 783 564 Romana.
833 528 945 564 Certe
970 540 1083 564 unum
1100 527 1344 577 eundemque
1364 528 1556 565 Caesarem
1576 539 1674 573 esse,

215 589 280 638 qui
299 589 346 625 de
369 589 468 624 bello
490 589 645 626 Gallico
668 590 785 627 libros
805 602 884 628 VII.
901 599 936 628 et
958 602 1027 628 111.
1050 591 1098 628 de
1119 592 1218 628 cixili
1241 591 1406 641 scripsit,
1422 591 1532 629 facile
1550 590 1675 629 credi-

213 665 296 689 mus
317 659 354 688 et
390 659 557 688 veterum
593 654 818 691 testimoniis
839 662 876 691 et
906 655 979 692 stili
1000 656 1191 692 emendati
1213 668 1257 692 ac
1285 655 1468 704 simplicis
1499 654 1673 692 miriticae

214 715 464 752 similitudini.
518 715 650 753 Libros
686 717 732 754 de
754 717 848 754 bello
867 719 971 755 civili
1000 718 1333 757 dissertationibus
1366 719 1609 769 philologieis
1636 731 1673 759 a.

215 778 330 817 1641.
362 778 545 816 :llum-aro
575 780 692 829 ccepit
723 782 786 819 J0.
827 781 983 826 Ravius,
1012 783 1210 820 Professor
1243 785 1399 820 Soranae
1433 784 1669 828 Academiae,

213 842 280 879 sed
320 842 382 879 xix
422 843 516 879 ultra
558 843 664 880 binas
704 857 884 893 aspexere
920 844 1061 890 lucem,
1097 859 1258 895 «piarum
1294 848 1414 896 prima
1444 847 1671 885 illustrando

213 906 325 943 Floro
347 917 407 943 Iv.
430 913 465 945 Q.
497 907 579 954 (nbi
600 908 646 945 de
669 910 820 946 Caesare
842 909 1009 955 disserit)
1030 910 1278 959 impenditur.

298 1024 420 1061 Liber
440 1024 484 1062 cle
504 1025 599 1062 bello
621 1026 904 1072 Alexandrino,
925 1027 1026 1064 alius
1041 1027 1086 1065 de
1102 1027 1306 1076 Africano,
1327 1032 1363 1065 et
1384 1029 1524 1066 tertius
1543 1027 1587 1066 de

455 1089 724 1138 Hispaniensi,
746 1094 903 1128 auctore
923 1090 974 1128 A.
999 1091 1137 1129 Hirtio
1156 1092 1212 1129 vel
1234 1093 1275 1130 C.
1301 1093 1441 1142 Oppio.

264 1160 456 1211 Sul)jungi
479 1162 535 1200 his
558 1164 685 1201 solent
707 1175 737 1201 Ι.
777 1164 900 1202 Liber
920 1166 966 1204 de
993 1166 1089 1204 bello
1112 1168 1280 1205 Caesaris
1300 1167 1581 1212 Alexandrino,
1604 1167 1669 1217 qui

210 1223 389 1270 Hirtium,
404 1233 444 1263 ut
464 1227 622 1272 videtur,
646 1229 764 1266 habet
785 1237 993 1275 auctorem,
1011 1239 1113 1268 certe
1133 1231 1312 1276 eundem,
1329 1232 1393 1281 qui
1414 1231 1554 1268 librum
1566 1240 1669 1268 VIII.

207 1287 257 1325 de
280 1288 380 1325 bello
412 1290 566 1328 Gallico
600 1292 764 1330 addidit.
798 1299 834 1331 ¹2.
859 1294 922 1331 De
943 1294 1037 1331 bello
1065 1294 1266 1344 Africano,
1289 1294 1395 1344 quod
1425 1307 1514 1332 cum
1551 1295 1669 1339 Juba,

208 1351 466 1391 Numidarum
488 1368 588 1405 rege,
611 1357 744 1394 Caesar
763 1357 895 1407 gessit,
911 1358 1171 1408 liber-,judice
1192 1359 1334 1409 Lipsio‚
1356 1359 1668 1409 elegantissimus,

206 1421 323 1466 atque
344 1417 395 1455 illi
423 1419 508 1468 ipsi,
541 1421 607 1469 qui
629 1421 866 1471 superiorem
899 1423 1061 1473 scripsit,
1096 1423 1336 1461 tribuendus.
1393 1423 1511 1461 Plura
1541 1428 1669 1461 tamen

205 1479 490 1531 interpolatoris
512 1486 730 1523 recentioris
752 1487 909 1537 vestigia
929 1488 965 1524 in
994 1488 1057 1525 illo
1079 1489 1180 1525 visus
1201 1495 1259 1525 cst
1278 1487 1351 1525 sibi
1379 1487 1668 1537 deprehendere

205 1544 485 1584 eruditissimus
518 1549 742 1587 Dodwellus
773 1551 810 1587 in
834 1551 922 1588 diss.
959 1551 1007 1589 (le
1027 1553 1130 1590 Julio
1152 1553 1279 1597 Celso,
1311 1558 1402 1590 sect.
1425 1563 1529 1590 VIII.
1551 1553 1666 1602 cujus

205 1617 426 1657 argumenta
455 1612 697 1650 confutanda
724 1614 796 1652 sibi
818 1615 952 1653 sumsit
976 1617 1039 1653 Jo.
1072 1616 1244 1654 Clericus
1273 1617 1390 1654 Tom.
1412 1627 1542 1654 xxvx.
1566 1616 1665 1654 Bibl.

204 1671 346 1710 Select.
382 1687 470 1725 pag.
508 1681 593 1715 13⁴2.
638 1691 697 1728 sq.
732 1685 769 1716 3.
808 1679 930 1717 Liber
966 1680 1011 1718 de
1040 1681 1134 1718 bello
1170 1681 1441 1731 Hispaniensi,
1471 1693 1586 1730 quem
1614 1680 1665 1718 ad

204 1735 426 1774 Cornelium
465 1740 643 1785 Balbum,
678 1741 741 1778 cui
779 1741 920 1780 librum
953 1754 1055 1781 VIII.
1099 1744 1147 1781 de
1186 1745 1289 1783 bello
1327 1744 1483 1783 Gallico
1520 1744 1666 1782 Hirtius

202 1798 358 1845 dicavit,
380 1801 439 1838 rel
465 1803 513 1840 ad
536 1805 582 1842 C.
605 1804 777 1855 Oppium
798 1807 915 1845 refert
944 1808 1000 1845 vir
1019 1808 1177 1858 insignis
1192 1809 1335 1858 judicii
1356 1810 1409 1846 G.
1429 1809 1466 1847 J.
1489 1808 1663 1846 Vossius.

199 1861 259 1900 At
292 1864 497 1903 Suetonius
532 1867 688 1917 quidem
723 1869 774 1907 de
821 1871 946 1909 Balbo
984 1871 1112 1918 silens,
1160 1878 1170 1894 ‘
1208 1872 1488 1918 Alexandrini,¹
1521 1872 1663 1922 inquit,

200 1931 209 1946 ‘
233 1926 435 1977 Africique
457 1936 495 1967 et
515 1931 782 1981 Hispaniensis
798 1934 965 1972 incertus
992 1943 1129 1974 auctor
1148 1943 1219 1974 est.
1250 1937 1325 1975 Alii
1345 1937 1447 1974 enim
1468 1936 1660 1986 Oppium¹

200 1996 355 2039 putant,
386 1992 447 2029 alii
470 1993 649 2040 Hirtium,
673 1996 738 2045 qui
768 1998 883 2034 etiam
908 1999 1050 2036 Gallici
1087 2000 1173 2037 belli
1193 2000 1437 2037 novissimum
1459 2000 1663 2051 imperfec-

200 2059 361 2104 tumque
412 2056 551 2094 librum
591 2059 814 2108 supplevit!
870 2061 985 2099 Hunc
1022 2063 1161 2101 librum
1195 2064 1244 2102 de
1277 2065 1378 2102 bello
1416 2064 1663 2115 Hispaniensi

197 2119 382 2166 (alterius,
408 2133 524 2170 quam
545 2121 624 2160 duo
648 2123 872 2173 superiores,
901 2127 1086 2174 auctoris)
1107 2134 1231 2166 totum
1261 2128 1412 2165 militari
1433 2128 1603 2179 quodam
1624 2135 1663 2166 et

198 2183 355 2221 horrido
376 2186 635 2235 compositum
663 2201 744 2226 esse
766 2189 865 2236 stilo,
890 2191 961 2228 etsi
983 2192 1080 2230 bene
1101 2193 1232 2238 latino,
1254 2199 1394 2243 praeter
1416 2193 1584 2242 Lipsium
1608 2204 1658 2230 11.

199 2251 263 2284 22.
305 2248 538 2295 Electorum,
567 2251 717 2289 monuit
735 2253 930 2304 Josephus
948 2255 1120 2306 Scaliger
1138 2257 1352 2307 prolegom.
1373 2256 1421 2294 ad
1440 2257 1658 2294 Manilium.

199 2311 233 2348 A
253 2311 355 2348 Julio
391 2312 505 2350 Celso
533 2313 806 2364 interpolatum
837 2318 886 2355 ad
907 2332 976 2356 nos
997 2321 1234 2370 pervenisse,
1262 2321 1390 2359 multis
1411 2322 1658 2372 argumentis,

195 2386 271 2411 non
291 2376 448 2425 aequalis
467 2377 646 2415 omnibus
668 2380 862 2429 ponderis,
884 2382 1054 2433 disputat
1074 2385 1297 2423 Dodwellus
1317 2386 1354 2423 in
1376 2385 1543 2423 laudatae
1563 2384 1657 2423 diss.

195 2438 363 2476 sectione
385 2450 449 2477 xl.
482 2442 663 2479 Ceterum
694 2444 755 2481 liic
778 2444 874 2483 liber
893 2446 938 2484 de
959 2447 1054 2485 bello
1077 2448 1332 2500 Hispaniensi
1352 2455 1522 2487 extrema
1549 2456 1657 2500 parte

196 2502 354 2540 mutilus
375 2511 492 2550 extat,
514 2511 629 2556 atque
644 2521 691 2544 ex
712 2509 869 2547 Martini
883 2523 1037 2561 quoque
1054 2511 1408 2563 Bladenii,Anglici
1423 2511 1654 2562 interpretis,

242 2626 254 2653 l
283 2624 320 2656 C.
339 2625 491 2667 Oppium
508 2629 663 2671 intellige
689 2632 833 2666 Caesaris
850 2633 898 2666 sa·
953 2635 1074 2668 tribuit
1089 2635 1190 2668 etiam
1206 2636 1460 2668 Volaterranus.
1488 2632 1594 2664 Hirtii
1612 2634 1653 2664 sit

196 2671 371 2715 miliarem,
387 2677 428 2708 de
447 2688 514 2719 quo
538 2680 627 2712 idem
643 2682 782 2715 Vossius
799 2694 832 2725 p.
846 2688 898 2718 67.
953 2695 997 2717 an
1029 2685 1138 2728 Oppii
1167 2686 1254 2718 liber
1283 2685 1325 2716 de
1356 2684 1445 2715 bello
1475 2682 1654 2722 Africano,

197 2722 286 2754 Huic
325 2725 447 2759 librum
475 2729 517 2760 de
557 2731 646 2763 bello
678 2733 899 2776 Hispaniensi
953 2736 1090 2769 dubitat
1106 2738 1276 2778 Rupertus
1289 2735 1331 2768 ad
1349 2735 1483 2768 florum
1501 2744 1533 2775 p.
1552 2737 1624 2766 262.
