1872 3104
682 196 724 224 c.
754 192 885 224 sumi
920 191 1152 222 cAESAms.
1534 181 1646 223 2083

200 288 293 328 loyl
327 281 584 324 Commentari
617 280 655 317 di
684 279 778 317 Caio
812 280 944 317 Giulio
974 280 1125 317 Cesare.
1181 276 1362 315 Tradotti
1382 276 1431 313 (18
1455 278 1509 313 Μ.
1534 279 1647 316 Fran·

249 360 363 386 cesco
384 345 555 384 Baldelli.
614 345 646 381 E
665 343 713 381 da
735 345 786 381 lui
807 350 1059 381 nuovamente
1088 341 1252 380 riveduti
1287 355 1307 377 e
1341 340 1507 378 corretti.
1563 342 1647 379 Con

249 410 381 461 figure,
401 413 477 446 &c.
526 410 570 446 In
591 409 762 459 Vinegia,
784 422 971 459 appresso
992 407 1150 445 Gabriel
1173 404 1320 444 Giolito
1342 403 1381 440 di
1404 402 1560 440 Ferrari.
1587 410 1647 441 12.

201 478 297 518 1572
328 472 484 518 Eadem,
507 472 600 510 ibid.
623 484 688 522 ap.
710 472 888 509 eundem.
914 478 975 509 1¹2.

198 533 295 580 1573
327 535 635 580 ICommentari,
657 538 733 572 ὄις.
767 535 927 572 tradotti
959 539 1211 571 nuovamente
1243 529 1282 568 di
1316 530 1434 567 latino
1456 529 1493 566 in
1522 529 1651 579 lingua

246 599 427 636 Toscana
458 599 504 636 da
543 600 599 636 M.
635 600 848 650 Francesco
883 596 1058 634 Baldelli.
1116 597 1198 633 Con
1231 595 1263 631 le
1294 593 1428 644 figure,
1463 599 1502 630 et
1520 605 1595 630 con
1615 593 1651 630 la

245 662 398 700 Tavola
418 662 516 700 delle
537 663 702 707 materie,
723 650 744 699 e
765 661 813 699 (18
835 662 845 698 i
865 662 967 699 nomi
995 661 1095 698 delle
1124 658 1217 698 citt-22
1238 659 1309 696 che
1331 659 1369 694 iu
1390 657 1514 708 questi
1533 657 1652 694 Com-

247 725 409 763 mentari
429 725 459 762 si
479 726 656 776 leggono,
679 725 834 763 Antichi
855 739 875 762 8
897 724 1083 762 moderni.
1141 724 1184 760 ln
1205 722 1377 767 Venetia,
1399 734 1527 771 presso
1547 721 1653 758 Enea

248 787 297 826 de
318 789 455 826 Alaris.
479 793 514 826 8.

201 856 300 897 1575
332 853 347 889 1
368 852 630 890 Commentari
659 851 698 888 di
728 852 774 889 C.
798 850 930 888 Giulio
950 851 1103 895 Cesare,
1134 862 1208 886 con
1228 849 1263 886 le
1283 847 1404 898 figure
1425 847 1462 884 in
1483 858 1584 885 rame
1604 848 1653 885 de

248 916 300 967 gli
337 915 633 966 alloggiamenti,
665 915 725 952 de'
757 914 844 952 fatti
876 914 1031 959 d'arme,
1063 913 1160 950 delle
1198 911 1526 951 circonvallationi
1555 910 1654 948 delle

251 979 358 1024 cittii,
380 986 418 1016 et
437 980 476 1017 di
497 979 614 1017 molte
633 979 728 1016 altre
756 991 845 1016 cose
876 977 1035 1015 notabili
1069 976 1249 1015 descritte
1269 977 1305 1013 in
1325 976 1412 1013 essi.
1471 976 1578 1013 Fatte
1604 974 1665 1013 da

251 1043 405 1081 Andrea
427 1042 598 1080 Palladio
618 1055 685 1092 per
718 1041 904 1079 facilitate
933 1053 956 1078 a
975 1041 1039 1079 chi
1058 1041 1180 1091 legge,
1203 1041 1237 1077 la
1258 1040 1456 1090 cognition
1476 1039 1563 1076 dell'
1582 1038 1657 1076 his-

251 1104 362 1143 toria.
419 1106 463 1142 ln
487 1106 657 1150 Venetia,
677 1117 860 1156 appresso
881 1105 1007 1142 Pietro
1028 1104 1087 1141 de'
1109 1104 1355 1141 Franceschi.
1377 1108 1415 1140 4.

203 1174 301 1215 1598
332 1169 646 1214 ICommentari,
668 1173 743 1208 &c.
765 1172 824 1218 (ut
845 1172 974 1219 supra)
1003 1168 1046 1205 In
1080 1168 1254 1213 Venetia,
1289 1159 1658 1218 appresso'Girola·

251 1246 314 1271 mo
345 1234 547 1283 Foglietti:
579 1234 626 1271 Al
660 1247 777 1283 segno
813 1233 913 1270 della
946 1232 1104 1282 Regina.
1143 1242 1193 1269 Μ.
1218 1242 1260 1269 n.
1293 1241 1458 1269 cxvul.
1495 1229 1583 1278 (sic)
1610 1228 1656 1265 In

252 1295 350 1337 fine:
383 1302 391 1317 ‘
409 1296 455 1333 In
480 1297 649 1342 Venetia,
672 1299 867 1347 Appresso
889 1296 1090 1335 Girolamo
1113 1295 1291 1345 Foglietti
1314 1300 1426 1339 1598.
1448 1299 1486 1331 4.
1508 1306 1544 1330 8.
1566 1291 1657 1342 figg.

206 1359 305 1406 1619
333 1361 593 1398 Commentari
625 1361 665 1398 di
686 1361 732 1399 C.
755 1361 888 1399 Giulio
909 1362 1062 1398 Cesare.
1119 1360 1203 1397 Con
1224 1360 1258 1396 le
1279 1358 1400 1409 figure
1419 1357 1456 1394 in
1478 1369 1597 1401 rame,
1619 1355 1660 1393 di

253 1425 407 1463 Andrea
426 1424 610 1462 Palladio.
628 1425 682 1462 Le
700 1425 804 1474 quali
825 1430 1124 1474 rappresentano
1145 1436 1167 1459 a
1186 1423 1238 1473 gli
1257 1421 1372 1459 0881ιί
1391 1420 1432 1458 (ἰί
1452 1420 1515 1457 chi
1535 1420 1658 1470 legge,

254 1489 588 1538 Accampamenfi,
610 1487 842 1533 Ordinanze,
864 1496 903 1525 et
924 1487 1094 1525 incontri
1114 1487 1152 1523 di
1174 1485 1363 1530 Essercifi,
1382 1483 1501 1529 Cina,
1524 1483 1660 1528 Fiumi,

255 1551 326 1589 Siti
345 1551 393 1589 de
412 1551 533 1596 Paesi,
563 1558 600 1589 et
619 1551 714 1589 altre
733 1565 824 1589 cose
842 1551 1002 1589 notabili
1023 1556 1229 1588 contennte
1249 1550 1335 1587 nell’
1363 1546 1549 1585 Historia.
1605 1546 1657 1585 Di

255 1627 383 1652 nuovo
402 1615 713 1665 diligentemente
734 1614 890 1653 corretti
909 1628 929 1652 e
948 1614 1176 1663 ristampati.
1234 1614 1279 1651 In
1298 1612 1459 1650 Venetia
1478 1622 1661 1662 appresso

255 1678 395 1716 Nicolo
417 1674 705 1716 Millerini.-In
725 1678 819 1716 fine:
843 1685 852 1699 ‘
867 1677 1051 1717 Numidio
1071 1678 1236 1716 Pallazzi
1257 1677 1509 1722 Correttore,’
1523 1678 1599 1712 διο.
1620 1679 1658 1711 4.

207 1747 306 1785 1737
337 1741 517 1779 venetiis.
538 1747 576 1779 4.
598 1742 685 1779 vid.
707 1742 798 1779 edd.
818 1742 856 1779 h.
878 1754 914 1779 a.
935 1741 1090 1779 Titulus
1110 1740 1267 1792 quidem
1288 1752 1426 1777 novam
1447 1738 1660 1776 versionem

256 1805 466 1855 promittit3
500 1806 563 1843 sed
585 1805 679 1843 liber
699 1805 782 1856 ipse
800 1806 956 1844 exbibet
979 1805 1332 1855 interpretationem
1363 1804 1391 1841 F
1394 1801 1556 1841 rancisci
1576 1800 1662 1839 Bal-

256 1867 360 1915 delli,
380 1869 536 1907 mutatis
557 1869 703 1907 nonnisi
725 1869 879 1919 singulis
900 1869 1040 1906 verbis.

206 2156 300 2216 Slc
336 2174 519 2228 explicit
550 2174 728 2217 Notitia
748 2175 974 2226 Literaria,
994 2175 1066 2216 vel
1087 2175 1339 2217 Editionum
1360 2173 1552 2216 Caesaris
1574 2172 1663 2214 Re—

207 2252 378 2291 censuS‚
405 2241 710 2295 suppeditatus
731 2256 758 2283 a
778 2243 923 2284 Sociis
946 2243 1223 2297 Bipontinis:
1257 2254 1440 2297 quorum
1463 2241 1665 2296 jejunita-

207 2311 307 2358 tem,
338 2312 385 2349 ut
408 2309 502 2362 jam
530 2310 574 2350 in
598 2309 848 2363 Virgilianis
868 2310 1160 2360 recensendis,
1192 2310 1416 2364 praecipue
1443 2308 1665 2349 vitandam

206 2387 303 2416 esse
318 2377 461 2416 visum
480 2380 559 2417 est.
621 2375 795 2426 Quibus
811 2379 943 2419 etiam
963 2379 1001 2419 si
1023 2379 1154 2419 insint
1173 2390 1352 2426 erroreS,
1372 2381 1420 2417 ut
1433 2376 1666 2416 humanum

208 2446 275 2484 est
299 2456 453 2493 errare,
485 2444 661 2498 culpam
687 2446 762 2499 qui
781 2447 1031 2496 meruerint,
1060 2446 1224 2486 ferant:
1254 2444 1440 2485 sufficiat
1464 2443 1605 2491 nobiS,
1627 2442 1666 2482 si

208 2510 254 2550 in
273 2512 433 2551 nostris
462 2512 697 2552 tractandis
728 2525 820 2553 rem
840 2518 967 2553 caute
987 2517 1029 2553 et
1056 2512 1279 2564 diligenter
1316 2510 1545 2562 egerimus.
1604 2506 1667 2549 At

208 2577 398 2631 quidem,
415 2578 489 2618 ubi
503 2579 688 2632 explicit
709 2580 957 2633 Bipontina,
976 2584 1123 2620 nostra
1137 2580 1215 2620 vix
1230 2579 1402 2631 incipit:
1434 2577 1589 2618 etenim
1607 2587 1666 2616 ex

209 2657 298 2697 quo
322 2647 516 2698 tempore
535 2646 664 2687 finem
685 2659 778 2691 suae
803 2646 985 2689 Notitiae
1008 2646 1185 2688 fecerint
1208 2644 1409 2687 Editores
1434 2644 1514 2694 illi,
1539 2655 1666 2697 paene

211 2711 341 2753 nullae
374 2711 566 2755 Caesaris
597 2713 840 2765 Editione5‚
873 2718 921 2756 ut
951 2714 1079 2756 nobis
1110 2712 1359 2763 innotescit,
1389 2710 1667 2767 prodierunt3
