1872 3104
723 190 940 220 cAEsAms
973 191 1103 221 VITA.
1464 183 1576 225 1919

584 196 621 223 C·
652 193 690 222 J.

119 287 288 333 δόντων,7
311 288 404 324 ὅπως
424 287 517 336 μήτε
536 283 926 333 παρακινδυνεύσωσιν
946 286 987 321 ἐν
1006 290 1079 321 τοῖς
1097 287 1253 322 πολλοῖς
1274 289 1576 339 καταψηφισάμε-

119 367 185 395 νοι,
205 353 287 400 μίΙτ’
305 350 559 386 ἀπολύσαντες
579 346 784 394 ἀδοξήσωσι
803 350 903 396 παρὰ
921 352 993 385 τοῖς
1012 349 1188 397 ἀρίστοις.

697 540 858 582 CAP.
902 539 994 580 XI.

114 621 238 660 Caesar,
251 623 453 661 propraetor,
469 623 650 660 postquam
667 619 809 650 Crassus
825 617 1052 649 creditoribus
1068 619 1139 658 ejus
1157 618 1383 660 satisfecerat,
1399 621 1433 652 in
1450 621 1574 662 Hispa-

327 673 416 703 niam
432 672 516 703 abit.
561 673 697 702 Summa
712 671 786 711 ejus
801 671 916 711 glorian
934 671 1061 711 cupido
1078 674 1126 712 (a.
1146 672 1226 703 Chr.
1245 683 1277 703 ιι.
1294 673 1363 713 (il.)

162 758 210 797 'O
231 757 271 795 δὲ
291 758 443 807 Καῖσαρ
459 755 562 794 εὐθυς
578 758 651 794 ἀπὸ
668 764 728 800 τῆς
749 760 973 806 στρατηγίας
993 764 1066 794 τῶν
1085 759 1276 808 ἐπαρχιῶν
1295 762 1362 803 τὴν
1381 759 1571 809 ’Ῑβηρίαν“

113 821 260 870 λαβὼν,
282 825 327 859 ὡς
356 820 402 865 ἦν
435 820 677 858 δυσδιάθετον
704 823 800 873 αὐτῷ
827 822 866 858 τὸ
898 823 979 869 περὶ
999 820 1077 857 τοὺς
1096 820 1303 866 δανειστὰς,
1326 824 1576 874 ἐνοχλοῦντας

111 887 242 933 ἐξιόντι
263 888 319 922 καὶ
341 885 616 932 καταβοῶντας,
646 887 705 922 ἐπὶ
738 885 916 933 Κράσσον
948 889 1145 935 κατέφυγε,
1176 888 1456 924 πλουσιώτατον
1485 889 1576 925 ὄντα

108 949 318 1001 Ῥωμαίων,
340 949 514 998 δεόμενον
535 948 576 986 δὲ
597 956 657 992 τῆς
676 949 865 996 Καίσαρος
885 950 998 998 ἀκμῆς
1014 950 1073 985 καὶ
1093 951 1308 998 θερμότητος
1328 951 1388 987 ἐπὶ
1408 953 1474 996 τὴν
1489 951 1577 1000 πρὸς

110 1014 310 1064 Πομπήϊον
329 1014 643 1050 ἀντιπολιτείανῇ
697 1011 1000 1062 Ἀναὸεξαμένου
1033 1011 1074 1049 δὲ
1104 1018 1167 1050 τοῦ
1189 1013 1368 1063 Κράσσου
1397 1016 1478 1052 τοὺς
1505 1016 1577 1065 μά-

108 1080 220 1114 λιστα
240 1075 430 1128 χαλεποὺς
464 1079 524 1114 καὶ
554 1079 828 1126 ἀπαραιτήτους
855 1084 928 1114 τῶν
958 1075 1173 1122 δανειστῶν,
1195 1080 1254 1114 καὶ
1283 1077 1578 1126 διεγγυήσαντος

108 1142 331 1178 ὀκτακοσίων
352 1143 411 1178 καὶ
431 1145 624 1189 τριάκοντα
644 1142 853 1186 ταλάντων,
876 1140 986 1178 οὕτως
1013 1143 1165 1187 ἐξῆλθεν
1190 1143 1250 1178 ἐπὶ
1279 1144 1344 1186 τὴν
1370 1144 1576 1193 ἐπαρχίαν.

108 1204 282 1252 Λέγεται
302 1204 356 1249 δὲ,
378 1207 442 1243 τὰς
452 1204 615 1242 ’Ἀλπεις
635 1204 912 1254 ὑπερβαλόντος
933 1208 1058 1251 αὐτοῦ,
1081 1208 1139 1242 καὶ
1158 1207 1361 1256 πολίχνιόν
1377 1223 1410 1243 τι
1428 1205 1578 1254 βαρβα-

107 1267 220 1317 ρικὸν,
241 1271 456 1318 οἰκούμενον
476 1270 533 1305 ὑπ’
549 1270 755 1318 ἀνθρώπων
770 1273 1014 1306 παντάπασιν
1030 1269 1172 1317 ὀλίγων
1193 1271 1254 1306 καὶ
1267 1272 1427 1317 λυπρῶν,
1445 1285 1577 1319 παρερ-

108 1334 306 1382 χομένου,3
327 1331 408 1369 τοὺς
428 1334 592 1380 ἑταίρους
611 1334 691 1383 ἅμα
711 1336 849 1380 γέλωτι
876 1335 935 1370 καὶ
965 1336 1060 1383 μετὰ
1082 1332 1242 1370 παιδιᾶς·
1282 1330 1423 1376 ῒΗπου,
1445 1334 1574 1383 φάναι,

109 1398 298 1433 κάνταῦθα
319 1400 415 1433 τινές
432 1398 527 1433 εἰσιν
547 1398 636 1445 ὑπὲρ
656 1400 784 1449 ἀρχῶν
804 1400 1021 1448 φιλοτιμίαι,
1045 1400 1104 1435 καὶ
1137 1399 1219 1444 περὶ
1252 1400 1438 1445 πρωτείων
1467 1399 1579 1447 ἅμιλ-

108 1463 186 1505 λαι,
209 1461 267 1496 καὶ
287 1462 415 1509 φθόνοι
430 1467 503 1497 τῶν
524 1459 690 1498 δυνατῶν
709 1462 797 1510 πρὸς
816 1463 1016 1505 ἀλλήλους.
1052 1461 1131 1498 Τὸν
1152 1460 1193 1498 δὲ
1213 1461 1392 1509 Καίσαρα
1415 1460 1578 1498 σπουδά-

109 1539 227 1561 σαντα
247 1524 332 1572 πρὸς
358 1524 487 1561 αὐτοὺς
521 1526 654 1562 εἰπεῖν·
712 1526 810 1573 Ἐγὼ
837 1527 908 1574 μὲν
934 1524 1148 1574 ἐβουλόμην
1180 1528 1280 1574 παρὰ
1307 1525 1444 1563 τούτοις
1476 1523 1576 1563 εἶναι

107 1591 258 1637 μᾶλλον
278 1596 429 1638 πρῶτος,
449 1589 472 1633 ἢ
492 1591 592 1638 παρὰ
610 1589 805 1638 Ῥωμαίοις
824 1588 1000 1637 δεύτερος.
1041 1588 1200 1638 Ὁμοίως
1220 1588 1262 1626 δὲ
1281 1590 1398 1627 πάλιν
1419 1591 1460 1627 ἐν
1478 1590 1577 1638 Ἰβη-

106 1655 169 1701 ρίᾳ
192 1655 332 1702 σχολῆς
353 1653 474 1697 οὔσης,
489 1653 799 1700 ἀναγινώσκοντά
826 1669 859 1690 τι
884 1660 957 1690 τῶν
976 1655 1057 1702 περὶ
1076 1651 1328 1702 Ἀλεξάνδρου
1358 1659 1577 1705 γεγραμμέ-

110 1732 196 1760 νων,
220 1714 359 1765 σφόὸρα
387 1718 566 1763 γένεσθαι
594 1716 680 1765 πρὸς
713 1718 831 1767 ἑαυτῷ
851 1717 969 1753 πολὺν
999 1718 1148 1767 χρόνον,
1180 1715 1263 1754 εἶτα
1295 1719 1354 1754 καὶ
1382 1716 1573 1767 ὃακρύσαι·

105 1785 178 1816 τῶν
198 1777 240 1815 δὲ
258 1782 376 1829 φίλων
396 1780 671 1829 θαυμασάντων
704 1782 770 1824 τὴν
799 1782 938 1824 αἰτίαν,
969 1781 1102 1817 εἰπεῖν·
1148 1778 1208 1817 Οὐ
1233 1779 1332 1817 δοκεῖ
1362 1781 1450 1829 ὑμῖν
1474 1782 1575 1826 ἄξιον

106 1839 205 1878 εἶναι
225 1842 353 1887 λύπης,
377 1844 409 1879 εἰ
428 1846 638 1887 τηλικοῦτος
655 1843 725 1891 μὲν
745 1844 796 1879 ὢν
814 1841 1076 1891 Ἀλέξανδρος,
1099 1841 1166 1888 ἤδη
1191 1842 1405 1881 τοσούτων4
1440 1842 1574 1891 ἐβασί-

103 1907 228 1951 λευεν,
249 1906 331 1956 ἐμοὶ
351 1904 393 1942 δὲ
411 1906 586 1956 λαμπρὸν
606 1904 713 1943 οὐδὲν
733 1907 832 1943 οὔπω
852 1910 1073 1955 πέπρακται.

767 2013 907 2044 NOTAE

145 2089 165 2117 7
200 2086 438 2126 Συγκεχυμένας
465 2090 531 2120 τοῖς
567 2087 728 2129 πράγμασι
758 2089 815 2120 τὰς

103 2136 227 2175 γνώμας
251 2137 441 2178 ἀποδιδόναι]
468 2139 650 2170 Dacierius
679 2145 814 2171 verten-

105 2186 184 2217 dum
215 2191 356 2218 censet:
394 2189 564 2219 sententias
594 2199 649 2229 per
674 2193 814 2221 saturam

95 2235 197 2276 serre,
212 2237 289 2276 hoc,
316 2237 478 2278 quicquid
505 2238 632 2278 dicant,
655 2239 737 2269 nihil
761 2245 813 2271 est

102 2286 179 2325 nisi,
213 2297 269 2327 per
310 2287 443 2326 turbam,
474 2287 608 2326 confusis
635 2288 811 2329 suffragiis.

101 2335 170 2366 Sed
189 2336 268 2376 quid
294 2336 355 2368 fiet
380 2338 444 2368 τοῖς
460 2336 645 2378 πράγμασι.ρ
669 2339 812 2371 Vertine

104 2391 240 2426 potest:
271 2389 442 2419 sententias
458 2387 549 2426 ferre
565 2398 648 2428 oeque
672 2388 814 2427 confusas

101 2447 137 2467 ac
158 2446 206 2467 res
228 2437 315 2476 ipsoe,
331 2437 373 2467 de
393 2438 514 2479 quibus
531 2438 681 2470 ferendae
701 2446 812 2479 erant,

103 2492 142 2518 ut
158 2487 236 2518 inde
261 2497 326 2518 nou
343 2493 491 2529 pateret,
515 2494 628 2521 utrum
653 2491 811 2522 condem·

102 2542 224 2569 natent
240 2547 280 2568 au
305 2538 539 2570 absolverent?
562 2549 604 2570 an
620 2551 696 2572 cum
715 2542 810 2573 Reis-

98 2587 158 2621 kio
174 2588 353 2628 legendum
378 2594 431 2621 est
457 2591 522 2620 τοῖς
547 2589 716 2630 πράκτορσι
732 2592 810 2632 (pro

101 2640 166 2672 τοῖς
180 2637 356 2679 πράγμασι)
372 2641 598 2682 quaesitoribus,
620 2641 674 2680 iis,
691 2642 811 2682 quibus

103 2690 298 2722 mandatum
314 2691 375 2722 hoe
399 2697 486 2731 erat,
504 2698 541 2721 ut
558 2692 660 2726 cistas
674 2693 812 2725 tabella-

105 2739 170 2772 rias
181 2749 199 2771 a
207 2740 382 2781 judicibus
398 2748 618 2783 reposcerent
630 2748 734 2787 atque
746 2753 815 2775 sus-

870 2089 1027 2130 ciperent
1043 2092 1079 2120 et
1095 2087 1255 2129 suffragia
1273 2088 1538 2121 dinumerarent.

911 2192 927 2220 1
945 2188 1007 2226 Τὴν
1017 2188 1347 2229 ’Issnp.]Ulteri01-em
1359 2189 1572 2230 Hispaniam.

867 2238 1072 2271 Cf.Sueton.
1087 2240 1158 2272 Jnl.
1177 2242 1226 2271 18.
1258 2239 1327 2270 Pro
1349 2240 1456 2274 λαβὼν
1467 2240 1574 2280 Brya-

865 2300 928 2320 nus
945 2290 1095 2330 conjecit
1109 2289 1229 2328 λαχών.

908 2342 928 2370 2
951 2337 1213 2379 Ἀντιπολιτείαν]
1240 2340 1275 2370 Μ
1282 2364 1289 2372 .
1306 2340 1415 2372 Licin.
1434 2341 1574 2372 Crassus

867 2389 1053 2420 ditissimus
1079 2390 1308 2421 Romanorum
1325 2395 1360 2422 et
1376 2391 1427 2422 sui
1443 2396 1576 2432 tempo-

866 2439 912 2471 ris
942 2446 1058 2473 orator
1086 2440 1340 2479 disertissimus,
1367 2451 1444 2472 cum
1474 2442 1573 2472 Pom-

865 2491 943 2531 peio
961 2491 1085 2523 Consul
1102 2502 1131 2522 a.
1149 2492 1228 2522 Chr.
1246 2495 1312 2530 70„
1326 2493 1357 2522 in
1375 2491 1528 2522 omnibus
1541 2492 1572 2522 ei

865 2542 1055 2574 contrarius
1071 2547 1158 2582 erat,
1173 2547 1209 2573 et
1222 2543 1253 2572 in
1270 2543 1399 2572 Senatu
1413 2542 1574 2582 praevale-

865 2593 936 2624 bat.
962 2594 1056 2624 Plut.
1071 2593 1226 2633 Pompei.
1243 2603 1272 2624 c.
1288 2596 1340 2625 22.

909 2646 927 2673 3
952 2641 1200 2684 Παρερχομένου]
1238 2642 1346 2674 Dedit
1375 2643 1498 2674 Reiske
1527 2653 1569 2675 ex

866 2692 1068 2733 conjectura
1084 2692 1210 2733 Bryani
1224 2702 1284 2732 pro
1300 2691 1557 2733 παρερχομένους.

910 2746 929 2776 4
959 2742 1042 2782 ’Ἤδη
1074 2742 1245 2784 τοσούτων]
1282 2744 1338 2776 Sc.
1366 2744 1469 2785 ἐθνῶν,
1493 2754 1568 2786 quae
