1872 3104
680 211 1012 242 LATmlTA'rls.

173 306 318 338 mentius
345 305 477 336 vibrata
506 302 637 343 longius
665 302 828 343 mittitur,

174 354 210 380 et
226 349 326 380 altius
341 345 490 386 infigitur
503 345 636 386 corpori
654 345 685 376 G
704 355 736 385 v,
751 348 805 376 48.

131 391 284 422 Amittere
299 389 482 429 superiorem
497 388 607 427 Iocum,
618 388 721 428 dejici
737 398 829 419 mon-

174 439 221 472 te,
246 442 320 463 enm
339 440 403 461 non
419 430 575 461 obtinere
593 440 691 471 posse
711 430 741 461 G
758 430 828 470 viii,

129 516 309 557 Amplitudo
323 525 467 546 cornuum
485 516 514 546 G
536 516 579 554 vi,
597 518 649 546 28.

128 559 270 598 Amplius
284 557 392 598 (plus)
416 558 555 588 obsidum
571 559 601 589 G
621 558 665 595 vi,
682 561 712 589 9.

128 600 255 640 Ampius
280 610 394 638 genere
431 604 461 630 et
498 600 594 640 copiis
625 600 656 631 G
693 599 738 639 vi,
777 602 829 630 15.

169 642 304 681 amplum
333 643 503 673 convivium
535 644 566 673 G
596 642 641 681 vi,
667 645 720 672 28.
766 653 830 672 am-

165 684 248 725 plior
277 685 363 722 ordo,
396 695 462 715 una
492 695 510 716 e
542 685 658 725 primis
689 684 830 725 legionis

169 727 330 758 centuriis
347 728 374 759 C
390 727 413 767 i,
429 731 482 759 77.
526 729 636 768 amploe
651 727 758 767 copioe,
775 737 830 757 ex-

171 769 299 800 ercitus
312 779 452 810 magnus
469 770 499 801 G
519 780 551 811 v,
569 774 620 802 19.
655 771 754 810 ampla
766 780 831 801 mu-

168 821 245 842 nera
260 812 291 843 G
309 811 333 851 i,
357 816 411 844 43.

126 854 251 894 Anceps
269 855 426 895 proelium,
451 865 525 886 cum
543 859 578 886 et
595 865 614 886 a
629 854 742 886 fronte
760 859 795 886 et
813 864 833 884 a

172 901 268 938 tergo
283 897 388 928 hostis
402 898 505 929 instat
521 898 550 929 G
570 898 626 936 vii,
643 901 696 929 76.
740 896 832 928 Alibi

171 944 225 970 est
256 949 370 980 grave,
400 941 641 981 periculosum,
666 939 708 971 de
735 939 832 980 cujus

172 982 266 1013 exitu
280 982 339 1013 diu
357 982 545 1014 dubitatur.

129 1024 292 1057 Aru-hora:
322 1025 356 1056 in
382 1026 525 1056 anchoris
540 1027 702 1065 expectare
730 1024 762 1054 G
787 1024 832 1063 iv,

170 1069 224 1099 23.
269 1067 303 1097 in
328 1068 470 1098 anchoris
491 1067 672 1099 commorari
695 1065 753 1098 Af.
778 1068 830 1097 63.

170 1110 211 1140 ad
239 1109 405 1140 anchoram
438 1112 601 1141 consistere
632 1110 659 1141 C
686 1109 732 1148 iii,
756 1111 830 1139 103.

169 1152 257 1191 regio
272 1152 362 1183 habet
377 1153 456 1184 locos
470 1153 613 1193 egregios
627 1153 667 1183 ad
688 1152 834 1183 tenendas

169 1195 319 1225 anchoras
333 1194 364 1226 A
380 1198 412 1226 9.

129 1236 272 1276 Anguste
294 1237 450 1278 pabulari,
479 1238 602 1277 exiguo
633 1237 778 1269 circuitu
806 1236 833 1267 C

173 1281 198 1318 i,
228 1283 281 1311 59.
337 1284 468 1320 anguste
496 1282 546 1311 uti
574 1281 747 1319 frumento,
776 1288 834 1319 pe-

173 1322 271 1353 nuria
287 1321 443 1353 laborare
461 1323 488 1354 C
504 1323 552 1362 iii,
579 1326 630 1353 16.
676 1331 765 1353 nares
780 1331 834 1352 an-

170 1368 264 1404 guste
292 1367 503 1406 transportant
536 1367 660 1405 multos,
693 1365 749 1395 vix
780 1373 834 1394 ca-

173 1408 271 1447 piunt
307 1408 397 1438 illam
435 1407 699 1446 multitudinem,
740 1407 835 1447 justo

173 1449 291 1490 plures
316 1449 350 1479 in
367 1459 433 1480 una
455 1460 542 1481 nave
566 1449 732 1480 densandi
758 1452 836 1479 sunt

175 1492 204 1523 C
239 1491 287 1531 iii,
316 1494 358 1522 2:
396 1491 485 1523 unde
522 1493 685 1532 ‹ungustius
720 1491 838 1522 milites

173 1534 331 1575 collocare,
367 1535 482 1575 plures
521 1535 556 1565 in
590 1534 709 1565 eadem
747 1533 837 1572 navi,

174 1586 274 1618 quam
290 1586 352 1617 pro
369 1577 562 1618 capacitate
574 1577 668 1608 navis
685 1577 718 1607 G
734 1586 767 1615 v,
782 1578 836 1606 23.

175 1620 340 1658 angustius
351 1622 535 1660 provenerat
541 1619 749 1659 frumentum,
761 1627 838 1658 par-

177 1661 250 1693 cius
267 1662 300 1692 G
315 1671 348 1700 v,
362 1664 416 1692 24.

137 1704 277 1743 Augusti
291 1706 427 1735 montes.-
445 1703 512 1735 vid.
528 1703 570 1734 ad
587 1703 619 1735 G
637 1703 682 1740 iv,
695 1706 750 1733 23.
782 1713 837 1733 an-

176 1749 271 1786 gusta
299 1749 414 1786 castra,
440 1746 563 1787 exiguo
589 1745 719 1776 ambitu
742 1745 774 1775 G
791 1745 837 1783 iv,

178 1791 231 1820 30.
275 1791 408 1828 angusta
421 1789 560 1829 aquatio,
582 1798 658 1819 cuin
675 1797 739 1818 non
756 1787 839 1817 mul-

179 1835 252 1862 tum
281 1840 377 1872 aquae
403 1831 579 1872 reperiunt
601 1834 766 1872 aquantes
782 1828 839 1860 Af.

136 1916 286 1949 Animum
307 1916 468 1948 advertere
483 1915 599 1956 aliquid
616 1914 751 1946 videtur
768 1915 841 1946 Cae-

180 1968 236 1990 sar
258 1958 430 1999 maluisse,
446 1969 545 2000 quam
571 1958 840 1989 animadvertere

181 2001 214 2033 G
245 2001 268 2041 i,
293 2004 346 2032 24.
370 2001 416 2041 iv,
445 2004 497 2032 12.
548 2001 662 2032 Graev.
694 1999 736 2029 ad
767 1999 841 2030 Cic.

182 2042 270 2075 offic.
292 2043 328 2083 ii,
351 2046 403 2075 19.
449 2044 566 2083 Negat
580 2042 769 2081 Bentleius,
793 2041 843 2072 ita

183 2085 252 2117 dici
279 2095 392 2125 posse,
428 2086 472 2117 ad
498 2086 571 2118 Cic.
594 2084 694 2117 Tusc.
730 2094 764 2123 V,
786 2086 840 2115 23.

183 2127 250 2159 Sed
278 2128 360 2159 satis
384 2128 614 2160 defenderunt
636 2128 842 2168 interpretes

185 2169 342 2208 Caesaris,
373 2175 409 2201 et
446 2175 500 2202 tot
536 2171 629 2202 locos
666 2173 844 2210 corruptos

186 2213 383 2243 existimare
418 2213 521 2251 velle,
555 2212 694 2243 nimium
727 2211 844 2242 fuerit.

187 2255 315 2287 Quidni
344 2264 385 2286 ea
415 2255 544 2296 ellipsis
582 2255 709 2286 usitata
737 2253 845 2285 fuisse

186 2297 331 2336 dicatur,
354 2298 490 2328 animum
511 2298 672 2329 advertere
695 2296 768 2339 (ad)
789 2297 845 2326 ali-

187 2339 282 2379 quid?
309 2345 368 2371 aut
396 2350 457 2371 cur
483 2350 552 2371 non
577 2341 715 2371 animum
740 2341 848 2370 adver-

187 2385 252 2413 tere
266 2383 306 2413 ad
321 2383 438 2423 aliquid
457 2387 625 2414 mutatum
642 2382 798 2413 videatur
813 2382 846 2412 in

187 2424 324 2455 animum
338 2427 497 2456 advertere
511 2426 629 2466 aliquid
642 2422 657 2456 ‚²

144 2467 298 2499 Animus:
334 2468 431 2498 animi
478 2466 707 2509 (delectandi)
756 2476 848 2498 causa

191 2510 222 2541 G
242 2520 272 2549 v,
289 2512 341 2541 12.
366 2509 421 2542 Cf.
436 2511 633 2551 Relinquere.

146 2552 307 2584 Anuotz'na
324 2553 423 2593 naris,
445 2553 621 2594 superiore
637 2561 724 2583 anno
742 2556 849 2583 struc-

192 2599 229 2626 ta
245 2595 277 2627 G
294 2605 327 2634 v,
341 2599 371 2626 S.

147 2637 376 2676 Antecessores,
392 2638 424 2668 in
445 2647 480 2668 re
496 2637 644 2675 militari,
660 2646 736 2676 pars
752 2644 848 2667 exer-

191 2680 277 2711 citus
291 2681 474 2720 praemissa,
488 2682 528 2710 ad
555 2679 705 2711 curanda
722 2684 757 2709 et
774 2688 849 2718 pro-

192 2722 381 2763 spicienda,
407 2733 481 2765 quae
507 2728 664 2754 secuturo
681 2720 849 2753 exercitui

194 2766 383 2798 necessaria
412 2771 491 2797 sunt
522 2764 579 2797 Af.
613 2768 664 2797 12.
700 2764 848 2796 Turneb.

1514 205 1578 245 xli

922 303 1065 334 Advers.
1086 302 1179 342 xxiv,
1197 305 1247 333 16.

879 345 1101 377 Antecursores
1116 345 1269 376 exercitus
1288 342 1317 375 C
1332 342 1356 382 i,
1380 346 1431 376 16.
1454 344 1502 385 iii,
1527 351 1583 380 36,

924 394 1001 419 sunt
1019 388 1133 426 iidem,
1148 388 1204 428 qui
1219 390 1434 418 antecessores.

880 431 1037 469 Antenna,
1077 431 1203 470 lignum
1242 434 1481 468 transversum,
1519 440 1582 470 per

924 473 1046 503 malum
1064 473 1157 503 navis
1175 473 1409 512 transjectum,
1425 477 1462 502 ut
1487 471 1584 503 funes

924 519 960 587 gt
987 515 1063 546 vela
1090 525 1131 546 ex
1149 525 1189 546 eo
1218 520 1401 546 nectantur
1419 515 1449 546 G
1466 514 1516 555 iii,
1531 518 1583 546 14.

971 560 1024 588 45.

881 599 1091 639 Antesignanz'
1108 601 1135 632 C
1151 600 1200 638 iii,
1215 603 1268 639 75,
1287 603 1340 631 84.
1386 600 1443 641 qui
1466 599 1499 630 in
1529 609 1585 631 co-

925 642 1022 674 horte
1056 649 1136 674 antc
1168 643 1265 683 signa
1288 643 1405 673 locati.
1453 642 1585 674 Distin-

926 690 1075 726 guuntur
1106 696 1125 716 a
1152 686 1358 725 prosignanis,
1389 685 1446 726 qui
1475 685 1508 715 in
1536 695 1586 716 se-

925 728 1038 758 cunda
1067 728 1138 759 acie
1167 727 1315 759 stabant.
1340 728 1384 757 V.
1407 726 1587 758 Frontinus

926 775 1022 801 strat.
1037 771 1071 811 ii,
1087 773 1119 810 3,
1134 773 1184 801 17.
1198 769 1252 801 Cf.
1271 769 1464 802 Guischard
1482 770 1588 801 Mem.

927 813 1004 844 crit.
1023 823 1056 853 p.
1083 816 1155 844 108.

882 855 1037 895 Apertum
1072 864 1183 894 corpus
1218 853 1346 885 nudum
1384 854 1416 885 G
1462 855 1506 894 iv,
1557 857 1586 885 l.

925 901 1050 937 apertus
1078 898 1225 928 humerus
1255 901 1352 927 scuto
1380 906 1446 927 non
1475 901 1588 927 tectus

927 939 954 970 C
981 939 1018 978 ii,
1045 942 1098 971 35.
1143 942 1251 980 aperta
1280 939 1368 970 navis
1395 938 1426 970 A
1458 942 1512 977 11,
1531 941 1585 969 13.

925 991 1047 1022 oppon.
1071 985 1236 1013 constratoe
1251 987 1309 1013 aut
1325 985 1426 1013 tectae.
1448 984 1591 1021 apertum

925 1027 1099 1056 castrorum
1128 1025 1221 1065 lalus,
1245 1024 1303 1055 ubi
1327 1024 1409 1055 nulli
1432 1028 1511 1055 sunt
1532 1023 1590 1054 de-

926 1065 1077 1098 fensores
1108 1067 1141 1098 G
1171 1067 1208 1105 ii,
1239 1069 1293 1098 23.
1335 1070 1461 1107 apertus
1498 1067 1593 1106 locus,

926 1119 992 1140 non
1010 1110 1161 1150 sylvosus
1177 1110 1207 1141 G
1221 1109 1244 1148 i,
1257 1112 1311 1141 41.
1334 1109 1368 1148 ii,
1385 1112 1436 1140 18.
1462 1108 1519 1148 vii,
1538 1111 1592 1139 18.

926 1155 1052 1192 apertus
1067 1162 1203 1193 campus,
1225 1152 1389 1193 planicies
1414 1152 1445 1183 G
1463 1151 1510 1191 iii,
1539 1153 1592 1182 26.

926 1199 1068 1234 apertum
1091 1198 1122 1226 et
1144 1196 1272 1236 planum
1294 1195 1384 1225 littus
1405 1193 1437 1224 G
1464 1194 1510 1232 iv,
1537 1196 1592 1224 23.

928 1246 960 1276 v,
987 1240 1018 1268 9.
1063 1240 1203 1278 apertum
1229 1238 1322 1277 latus,
1350 1237 1444 1267 nullo
1474 1240 1593 1266 monte

929 1283 988 1310 aut
1015 1281 1224 1311 munimento
1255 1284 1387 1310 tectum
1418 1278 1449 1309 G
1467 1278 1513 1317 iv,
1537 1281 1592 1308 25.

927 1326 1071 1361 apertum
1086 1332 1171 1353 mare
1188 1322 1221 1353 G
1238 1322 1287 1361 iii,
1303 1325 1334 1361 8,
1361 1324 1395 1361 9,
1418 1324 1470 1353 12.
1508 1330 1595 1361 aper-

928 1368 979 1395 tus
995 1365 1150 1395 mumulus
1167 1365 1199 1396 G
1213 1365 1272 1403 vii,
1286 1368 1340 1395 22.

886 1408 1064 1448 Appellare,
1085 1408 1118 1438 in
1130 1408 1209 1448 jure
1227 1407 1254 1438 C
1271 1407 1321 1445 iii,
1342 1410 1397 1437 20.
1441 1405 1595 1446 appellare

930 1453 961 1480 et
991 1450 1157 1490 cohortari,
1185 1448 1391 1491 appellando
1419 1447 1594 1480 cohortari

931 1492 964 1523 G
981 1502 1000 1523 v
1027 1496 1081 1523 33.

887 1516 1063 1575 Appete're:
1086 1534 1207 1575 appetit
1222 1533 1300 1573 dies,
1330 1532 1362 1564 G
1379 1532 1425 1574 vi,
1448 1535 1501 1563 35.
1525 1533 1593 1571 lux,

933 1577 965 1608 G
983 1577 1040 1616 vii,
1055 1580 1107 1608 82.
1131 1576 1397 1617 appropinquat.

888 1619 1057 1660 Applicare
1081 1629 1113 1650 se
1139 1620 1180 1650 ad
1203 1619 1356 1657 arborem,
1381 1617 1547 1648 reclinare
1564 1616 1597 1647 G

933 1662 978 1702 vi,
1003 1664 1056 1693 27.
1103 1661 1196 1693 Hinc
1215 1662 1371 1702 applicare
1393 1669 1502 1691 naz-em
1524 1661 1598 1698 loco,

935 1705 1111 1744 appellere
1128 1704 1160 1734 A
1176 1707 1228 1735 17.
1257 1708 1294 1734 et
1307 1703 1464 1743 applicata
1479 1704 1519 1733 ad
1535 1705 1598 1733 ter-

933 1756 1002 1776 ram
1015 1746 1106 1776 navis
1123 1746 1150 1776 C
1167 1746 1216 1784 iii,
1231 1748 1304 1778 101.

892 1788 1132 1828 Apprehendere
1160 1789 1270 1827 locum,
1292 1796 1370 1819 euru
1395 1786 1460 1818 sibi
1490 1785 1600 1817 vindi-

936 1840 1025 1871 care,
1038 1840 1208 1870 occupare
1225 1831 1252 1861 C
1265 1830 1315 1869 iii,
1332 1833 1406 1861 112.

892 1873 995 1913 Aqua,
1011 1883 1170 1904 mensura
1185 1882 1228 1903 ex
1245 1881 1332 1914 aqua
1347 1873 1379 1903 G
1396 1881 1429 1911 v,
1446 1874 1500 1902 13.

893 1916 1030 1955 Aquatio
1059 1917 1091 1947 G
1123 1916 1168 1955 iv,
1196 1918 1248 1946 11.
1308 1917 1440 1954 aquator
1472 1913 1507 1944 H
1545 1915 1599 1945 21.

893 1958 1015 1998 Aquari
1031 1958 1059 1989 C
1075 1958 1098 1997 i,
1117 1960 1171 1994 68,
1187 1960 1242 1996 73,
1258 1959 1312 1988 ⁷8.
1335 1957 1371 1988 H
1387 1959 1440 1988 37.

893 2000 1046 2032 Aratores
1059 1999 1118 2031 Af.
1136 2002 1191 2039 20,
1206 2003 1260 2030 36.

894 2044 1018 2076 Arcano
1048 2043 1190 2074 adverb.
1224 2042 1291 2083 Ci,
1307 2044 1360 2073 19.
1405 2041 1461 2072 Sic
1488 2040 1539 2072 ibi
1566 2040 1601 2071 in

937 2085 1037 2117 codd.
1062 2085 1234 2117 scribitur.

893 2129 1054 2160 Arcessire
1068 2129 1099 2160 G
1117 2128 1140 2168 i,
1157 2131 1210 2160 31.
1233 2137 1267 2167 v,
1285 2130 1336 2158 ll.
1373 2126 1431 2157 ubi
1447 2125 1603 2164 arcessiri,

938 2177 976 2202 ut
1016 2171 1108 2212 apud
1136 2171 1267 2203 Colum.
1308 2170 1356 2208 ix,
1384 2171 1417 2199 S.
1451 2168 1602 2199 lacessiri.

895 2214 998 2246 Ardet
1027 2214 1149 2245 animus
1183 2215 1225 2244 ad
1255 2212 1460 2244 ulciscendum
1491 2211 1524 2242 G
1555 2210 1602 2247 vi,

896 2299 1023 2338 Argilla
1035 2299 1145 2337 fusilis
1161 2299 1192 2330 G
1209 2309 1242 2339 v,
1258 2301 1312 2329 43.

896 2342 1044 2380 Aridum,
1070 2346 1163 2373 terra
1179 2341 1358 2373 continens
1377 2340 1408 2371 G
1425 2339 1471 2378 iv,
1487 2341 1541 2369 29.

897 2384 1004 2424 Aries,
1016 2385 1122 2424 trabs,
1136 2384 1228 2416 ferro
1245 2381 1399 2424 praefixa,
1411 2391 1476 2423 qua
1487 2389 1601 2412 muros

941 2431 1105 2468 quassant
1121 2428 1153 2458 G
1176 2427 1212 2467 ii,
1225 2430 1277 2458 32.

898 2470 997 2501 Arma
1011 2470 1099 2501 navis
1114 2470 1146 2502 G
1163 2469 1209 2508 iii,
1236 2472 1287 2500 14.
1332 2467 1403 2498 sive
1414 2467 1605 2496 armamenta

942 2512 974 2543 G
990 2512 1036 2553 iv,
1050 2515 1105 2543 29.
1150 2510 1310 2552 quicquid
1327 2510 1369 2540 ad
1386 2517 1461 2539 eam
1478 2508 1603 2538 instru-

942 2554 1065 2585 endam
1089 2554 1254 2594 pertinet.
1301 2551 1467 2582 Similiter
1481 2559 1606 2581 armare

941 2606 1046 2635 naves,
1077 2596 1257 2636 adparare,
1287 2594 1456 2625 instruere
1491 2601 1605 2623 neces-

945 2638 1041 2668 sariis
1061 2638 1160 2668 rebus
1178 2638 1206 2669 G
1226 2637 1274 2677 iii,
1290 2639 1343 2667 13.
1366 2646 1399 2675 v,
1414 2638 1443 2666 1.
1471 2634 1499 2667 C
1514 2634 1536 2674 i,
1551 2637 1604 2665 36.

944 2685 979 2711 et
995 2690 1115 2712 armare
1126 2681 1321 2720 elephantum
1336 2677 1394 2710 Af.
1411 2680 1464 2709 41.

901 2723 985 2755 Arta
1009 2724 1108 2764 sylva,
1136 2722 1314 2755 arboribus
1344 2719 1545 2752 densissima
1573 2720 1605 2751 G

945 2765 1003 2804 vii,
1022 2769 1072 2796 IS.
