1872 3104
492 187 794 219 TESTIMONIA
835 186 897 215 DF„
930 185 1075 214 JULto
1109 185 1275 214 (muso.
1499 175 1611 216 1897

148 294 158 310 ‘
181 287 361 326 Naturale
388 291 442 322 est
472 296 602 319 omues
633 281 805 318 homines
841 279 969 316 studio
1001 279 1184 315 libertatis
1220 278 1382 321 incitari,
1404 285 1438 313 et
1477 282 1611 318 eondi-

149 352 270 389 tiones
323 347 511 387 servitutis
549 345 687 381 odisse.
775 345 914 381 Rerum
964 342 1134 379 omnium
1187 343 1368 389 Magister
1413 350 1471 380 cst
1511 357 1611 382 usus.

147 415 262 459 Quod
284 413 457 450 volumus
488 409 652 446 libenter
673 408 862 445 cernimus
895 413 932 444 ct
954 406 1160 443 credimus.
1215 406 1359 442 Terror
1393 406 1608 443 hominibus

145 477 343 516 consilium
374 479 619 522 mentemque
661 473 786 522 eripit,
815 480 850 509 et
887 471 1060 509 membra
1089 470 1280 507 debilitat.
1341 470 1506 507 Fortuna
1545 485 1610 508 eos

143 541 367 591 plerumque
407 551 502 588 quos
531 537 705 587 plurimis
743 535 943 574 beneficiis
972 535 1137 579 ornavit,
1172 533 1221 571 ad
1256 533 1446 571 duriorem
1479 548 1606 572 casum

143 610 322 641 reservat.
379 604 477 646 Quae
517 601 702 638 sentimus
746 601 817 650 ipsi
856 600 1025 649 reliquos
1061 599 1198 636 sentire
1239 612 1444 648 speramus.
1504 599 1608 636 Inter

142 667 239 705 duos
260 667 446 705 bellantes
478 666 551 702 hoc.
580 678 695 702 unum
727 671 878 713 tempus
908 663 1074 701 bellandi
1104 662 1152 700 de
1185 676 1280 712 pace
1315 670 1384 706 est,
1416 662 1507 700 dum
1538 662 1610 700 sibi

142 738 302 781 uterque
323 729 495 775 contidit,
517 736 553 766 et
582 729 698 766 ambo
720 741 829 778 pares
857 728 1054 769 vi‹lentu1·;
1095 726 1200 776 quod
1224 727 1254 763 si
1276 727 1385 764 alteri
1408 727 1606 776 paululum

145 795 297 832 fortuna
336 794 526 838 tribuerit,
567 793 628 829 vix
678 799 807 829 utetur
850 791 1138 829 conditionibus
1178 790 1286 840 pacis
1327 791 1393 840 qui
1439 791 1611 840 superior

139 858 301 903 videtur,
339 871 410 896 nec
440 869 552 908 ‘ecqua
580 863 689 906 parte
710 862 915 894 contentus
947 855 1030 901 erit,
1060 854 1125 904 qui
1156 867 1195 891 se
1224 855 1350 891 omnia
1384 854 1605 892 habiturum

142 925 297 972 sperat.'

138 1049 154 1059 ”
192 1052 363 1089 Joannes
398 1051 577 1102 Dlagnus
606 1050 689 1101 (qui
710 1049 839 1088 floruit
869 1050 971 1087 circa
993 1051 1146 1087 Annum
1172 1050 1303 1097 1420.)
1332 1049 1368 1086 in
1396 1048 1607 1101 Sopholog.

137 1115 312 1164 impress.
338 1115 513 1152 Ρανὶεἱίε
538 1120 652 1159 1475.
675 1114 761 1152 Fol.
783 1113 875 1151 edit.
897 1126 918 1151 a
940 1113 1132 1151 Roderico
1150 1114 1344 1165 Episcopo
1365 1113 1605 1159 Zamorensi,

138 1179 322 1228 Hispano,
341 1186 379 1217 et
400 1179 530 1217 Paulo
552 1178 727 1218 Secundo
749 1179 785 1216 in
811 1179 954 1228 Script.
978 1189 1018 1215 v.
1045 1184 1105 1217 13.
1136 1189 1207 1215 111.
1231 1185 1267 1221 7.
1303 1177 1466 1227 aliisque
1496 1177 1606 1223 locis,

138 1243 354 1280 Sententias
374 1243 485 1281 Julio
508 1243 613 1282 Celso
635 1243 771 1281 tribuit
792 1257 880 1293 quae
903 1244 940 1280 in
964 1243 1126 1280 Caesaris
1148 1242 1442 1280 Commentariis
1462 1241 1607 1291 reperi-

138 1314 252 1344 untur
269 1322 278 1352 ;
316 1307 422 1356 quod
444 1320 520 1344 non
541 1308 787 1345 mediocriter
800 1307 1026 1345 confirmare
1044 1306 1194 1344 videtur
1209 1306 1429 1356 opinionem
1447 1304 1606 1344 Florida·

137 1369 272 1407 sabini
290 1371 778 1418 (1.11.subsec.Lect.c.2.)
806 1372 870 1421 qui
888 1378 960 1408 tres
974 1371 1022 1408 de
1036 1371 1142 1407 Bello
1156 1371 1256 1408 civili
1272 1370 1422 1414 Libros,
1437 1369 1607 1407 Caesaris

133 1447 214 1471 esse
227 1439 363 1484 negat;
388 1441 468 1472 tum
482 1434 674 1473 Ludovz‘ci
700 1436 903 1472 Carrionz's
929 1435 1080 1484 (Lipsii
1096 1434 1267 1484 Epistol.
1288 1434 1314 1470 l.
1332 1445 1381 1470 11.
1407 1433 1605 1483 Epistoli-

134 1510 213 1536 car.
231 1499 395 1546 Quoest.)
411 1498 478 1549 qui
498 1505 538 1536 et
553 1498 651 1537 Belli
665 1499 807 1537 Gallici
836 1499 1133 1537 commentarios
1147 1498 1258 1536 ‚Iulio
1279 1497 1385 1535 Celso
1406 1496 1603 1534 ascriben-

132 1562 204 1601 dos
223 1569 347 1613 putat.

186 1690 323 1727 Albert
347 1690 436 1740 Eyb
469 1691 705 1729 Secretarius
733 1691 849 1742 Papae
873 1693 950 1729 Pio
973 1690 1144 1729 Secundo
1164 1690 1247 1741 (qui
1280 1690 1377 1728 obiit
1400 1691 1533 1737 1454.)
1562 1689 1600 1726 in

134 1754 365 1805 ,Margarita
394 1767 462 1792 sua
491 1755 660 1792 Poetica
690 1755 870 1805 Impress.
895 1756 1029 1793 Romae
1054 1762 1170 1798 1475.
1211 1755 1291 1792 Fol.
1312 1767 1402 1805 pag.
1426 1760 1513 1793 184.
1550 1753 1599 1790 Ζ.

131 1817 234 1857 Julii
256 1817 357 1855 Celsi
369 1818 414 1856 cle
429 1820 554 1870 gestis
575 1819 744 1857 Caesaris
755 1820 1001 1858 Antoritales
1016 1821 1224 1869 incipiunt,
1242 1818 1417 1867 duasque
1438 1818 1597 1868 paginas

132 1882 306 1932 implent,
345 1896 441 1933 quas
476 1884 650 1922 curiosus
689 1885 830 1922 Lector
867 1884 995 1929 adeat,
1028 1891 1067 1922 et
1101 1896 1189 1921 cum
1221 1882 1351 1919 Textu
1388 1882 1596 1920 Groeviano

132 1945 317 1984 conferat.

188 2073 350 2113 Gerara'.
369 2075 460 2113 Joh.
487 2075 642 2114 Vossius
662 2076 845 2115 Institut.
868 2078 1031 2115 Orator.
1053 2088 1094 2114 v.
1121 2084 1181 2116 10.

309 2139 452 2176 Verum
476 2140 576 2178 Celsi
592 2142 869 2179 Commentarii
885 2141 933 2180 de
952 2142 1085 2180 Rebus
1107 2155 1129 2180 a
1152 2142 1304 2180 Coesare
1326 2141 1445 2193 gestis
1466 2140 1518 2180 «Sis
1538 2139 1598 2179 διὰ

131 2207 260 2238 πασῶν
288 2201 471 2240 differunt
503 2217 525 2240 a
566 2204 732 2242 Caesaris
769 2206 1078 2252 Commentariis,
1116 2213 1158 2245 ut
1194 2206 1330 2253 sciunt,
1371 2206 1472 2258 siqui
1509 2219 1597 2244 cum

133 2264 282 2302 Caesare
316 2267 564 2306 contulerunt
593 2269 803 2307 editionem
838 2270 939 2308 Celsi
959 2270 1068 2309 Ann.
1107 2276 1222 2316 1475.
1255 2271 1369 2320 cujus
1401 2271 1544 2309 nullam
1574 2283 1598 2308 a

133 2328 300 2367 Gesnero
321 2337 386 2368 aut
417 2330 581 2370 Simlero
602 2334 835 2372 mentionem
862 2335 1007 2373 factam
1036 2336 1165 2381 miror,
1192 2343 1235 2373 ut
1262 2336 1330 2386 qui
1357 2335 1460 2374 haud
1489 2335 1596 2374 aliud

131 2391 278 2440 dicunt,
299 2407 425 2443 quam,
450 2396 609 2434 istorum
645 2397 727 2435 fieri
760 2399 1129 2437 commentariorum
1163 2400 1398 2438 mentionem
1418 2400 1457 2437 in
1478 2399 1594 2437 Illar-

126 2456 265 2507 garita
284 2456 446 2495 poetica
462 2459 618 2498 Albertz'
634 2462 746 2499 Eibii
760 2463 877 2513 paulo
891 2464 1058 2513 junioris
1074 2463 1221 2502 Jacobo
1238 2477 1379 2516 magno
1398 2464 1595 2502 Toletano.

130 2519 288 2557 Interim
309 2520 471 2559 fatemur
486 2523 632 2562 Celsum
648 2539 722 2564 non
744 2533 892 2565 tantum
909 2528 1076 2566 Caesaris
1095 2535 1202 2578 gesta
1223 2528 1509 2578 conscripsisse,
1527 2526 1592 2564 sed

131 2589 169 2621 et
187 2583 352 2622 Caesaris
373 2589 683 2635 commentarios,
705 2591 782 2628 sive
806 2593 1053 2637 recensuisse,
1076 2592 1154 2629 sive
1175 2592 1415 2641 corrupisse:
1437 2597 1541 2628 certe
1557 2591 1594 2628 in

131 2646 256 2686 MSS.
278 2662 356 2687 meo
386 2650 538 2688 Caesare
557 2652 765 2704 Hirtioque
798 2661 855 2692 ter
874 2655 970 2693 locis
995 2655 1185 2693 distinctis
1204 2655 1434 2706 ascriptum:
1462 2654 1594 2694 Julius

134 2709 262 2752 Celsus
283 2713 565 2754 Constantinus
583 2716 626 2755 J.
652 2716 694 2755 C.
715 2717 826 2770 legit.
