1872 3104
621 193 661 223 e.
695 190 826 222 sumi
860 188 1092 220 crastinis.
1480 183 1593 228 2085

199 288 307 331 (lum
330 290 372 330 in
392 286 761 329 dissertatiuncula
780 285 833 325 dc
850 284 991 326 Codd.
1007 285 1161 337 Virgil.
1182 297 1261 325 nos
1278 283 1388 338 Ang.
1411 291 1453 326 et
1476 288 1581 330 Hib.

145 358 400 408 t'atalogum
430 357 602 394 secutos
636 364 733 392 esse
764 352 1072 404 profiteremur,
1102 352 1311 392 monitum
1333 352 1467 393 fuisse
1500 356 1587 395 vel-

144 425 277 464 lomus
293 423 528 468 Lectorem,
552 419 606 459 ad
630 420 906 459 oxonienses
927 432 1004 459 nos
1025 420 1293 472 respexisse3
1326 421 1488 473 quippe
1508 433 1591 462 non

141 491 311 541 ignaros
341 486 537 534 eundem,
573 486 688 538 quod
710 485 766 526 ad
788 485 1162 534 Cantabrigienses
1195 491 1378 539 spectet,
1412 488 1591 529 multum

141 556 363 603 defecisse,
399 554 452 594 de
485 554 672 594 Scoticis
708 552 813 592 nihil
853 558 1055 602 tentasse,
1092 558 1134 593 et
1172 553 1225 593 de
1262 553 1373 594 Mus.
1409 554 1591 605 Britan,

138 627 316 676 propter
345 626 530 674 tempus,
571 621 674 661 nihil
706 621 862 661 docere
910 621 1120 673 potuisse.
1187 621 1317 670 Quod
1352 622 1405 661 ad
1444 621 1590 663 Oxon.

138 689 258 730 illum
276 692 389 728 certe
411 689 550 728 secuti
572 701 720 728 sumus
742 688 912 737 ducem,
944 693 991 728 ut
1026 689 1098 741 qui
1117 689 1438 729 celeberrimam
1473 690 1590 730 illam

138 754 425 797 Academiam
455 768 540 795 non
576 766 712 807 nuper
741 755 808 809 (ut
845 756 964 805 olim)
993 757 1079 808 ipsi
1111 757 1365 805 viseramus,
1393 770 1470 797 nec
1505 769 1591 810 quo

137 827 328 876 tempore
350 826 541 863 nostram
568 823 930 864 narratiunculam
952 824 1308 871 contexebamus,
1332 825 1470 863 visere
1490 836 1592 876 pos·

137 902 294 930 semus.
348 889 467 929 Hinc
488 889 549 928 illi
567 889 774 928 defectus.
823 888 1061 940 Catalogus
1083 891 1194 942 ipse,
1217 891 1413 942 plurimis
1435 890 1590 930 abhinc

137 958 259 997 annis
294 962 510 1004 exaratus,
545 969 602 995 cx
635 969 723 1008 quo
757 961 947 1008 tempore
985 955 1123 996 Codd.
1154 957 1229 996 alii
1259 956 1410 1009 Virgil.
1433 957 1593 1011 adjecti

136 1028 249 1073 sunt,
271 1027 335 1071 (ut
354 1027 422 1063 est
442 1027 610 1063 naturae
643 1023 750 1063 tanti
787 1023 959 1073 cimelii,
983 1023 1093 1063 adeo
1118 1024 1272 1073 dotati,
1304 1024 1443 1064 indies
1477 1037 1592 1064 cres-

137 1089 254 1142 cere)
273 1103 329 1129 ex
349 1090 605 1133 necessitate
633 1089 801 1129 tandem
827 1089 1009 1130 multum
1030 1090 1260 1131 defecerat.
1321 1091 1593 1131 Bibliotheca

136 1157 266 1198 Bodl.
302 1157 414 1197 alios
435 1157 651 1210 quosdam
688 1156 800 1196 Mss.
834 1157 960 1197 codd.
992 1157 1149 1208 Virgil.
1179 1171 1257 1211 pro
1284 1159 1374 1198 suis
1398 1171 1492 1211 Jam
1521 1171 1593 1199 ac-

135 1229 335 1277 ceperat:
370 1238 449 1265 nec
470 1225 624 1264 mirum
657 1238 754 1264 esse
778 1224 992 1274 videatur,
1029 1227 1082 1275 si,
1119 1226 1338 1266 ductorem
1366 1226 1440 1278 qui
1473 1225 1592 1265 clau-

136 1291 302 1332 dicaret
333 1292 488 1339 secuti‚
509 1294 675 1331 nosmet
694 1292 782 1344 ipsi
805 1292 1079 1333 claudicasse
1099 1293 1401 1333 inveniremur.

194 1358 339 1399 Nobis
360 1359 501 1411 igitur,
523 1371 622 1399 cum
642 1359 684 1398 in
707 1358 889 1399 calculis
909 1360 1068 1399 nostris
1089 1359 1142 1400 de
1165 1359 1304 1400 Codd.
1327 1360 1454 1400 Bodl.
1482 1360 1594 1400 intra

135 1438 224 1467 rem
242 1426 470 1477 egerimus,
492 1430 539 1466 ut
553 1426 648 1478 jam
667 1425 875 1474 diximus,
899 1426 1059 1467 Lector
1084 1426 1317 1476 candidus,
1339 1426 1445 1466 nihil
1466 1426 1593 1467 dubi-

134 1497 293 1542 tamus,
315 1491 444 1532 facile
477 1492 758 1533 condonabit.
818 1493 979 1533 Veniat
1000 1494 1144 1534 forsan
1178 1497 1363 1546 tempUS,
1394 1494 1429 1533 si
1463 1493 1593 1534 modo

132 1560 225 1600 vita
245 1560 444 1613 supersit,
465 1564 507 1600 et
529 1559 798 1600 Diva'Salus
820 1560 979 1609 faveat,
1003 1573 1103 1613 quo,
1135 1560 1172 1600 si
1197 1559 1405 1613 quiddam
1424 1559 1593 1600 defece-

135 1626 287 1676 rimus,
309 1639 513 1667 conemur
531 1626 727 1667 defectus
747 1630 935 1676 nostros,
957 1630 1167 1680 quantum
1190 1628 1470 1679 potuerimus,
1488 1640 1594 1680 sup-

135 1694 279 1746 plere:
328 1697 384 1742 et,
435 1695 472 1733 si
518 1694 666 1734 vineta
705 1698 856 1734 nostra
900 1694 1073 1746 penitus
1117 1694 1282 1735 caedere
1323 1707 1405 1734 non
1451 1694 1589 1743 detur,

134 1759 312 1800 frutices
356 1760 510 1800 saltem
553 1761 688 1800 nostri
734 1764 970 1812 augeantur
1014 1760 1225 1809 durando,
1272 1761 1501 1813 laetiusque
1547 1773 1592 1800 se

134 1831 297 1879 gerant.
358 1826 528 1867 Sensim
563 1840 630 1868 res
663 1832 883 1868 crescunt:
930 1831 972 1867 et
1001 1840 1098 1880 quae
1135 1828 1285 1868 oculos
1314 1827 1594 1879 vigilantissi-

134 1906 228 1933 mos
249 1906 335 1934 uno
356 1897 547 1947 tempore
580 1895 804 1947 effugiant,
834 1896 919 1935 alio
940 1908 1065 1948 paene
1097 1894 1430 1943 somniantibus,
1466 1895 1593 1947 quasi

134 1964 304 2013 sponte,
335 1973 380 2000 se
409 1962 548 2002 solent
568 1962 733 2002 offerre.
794 1961 938 2002 Nobis
960 1963 1090 2013 igitur
1111 1962 1153 2001 in
1186 1961 1411 2014 proposito
1443 1963 1524 2011 est,
1556 1960 1594 2001 si

134 2027 238 2067 talia
255 2040 303 2067 se
318 2028 556 2080 praebeant,
579 2029 705 2069 avide
721 2029 924 2083 arripere,
942 2032 984 2068 et
1000 2028 1152 2069 sedulo
1166 2033 1317 2068 notare
1333 2041 1343 2078 ;
1376 2028 1502 2081 sique
1521 2027 1590 2069 vel

135 2095 180 2135 in
201 2095 435 2148 principio,
458 2097 527 2137 vel
549 2098 591 2137 in
611 2110 849 2150 progressu
871 2098 1031 2151 operis,
1055 2097 1229 2138 codices
1255 2096 1330 2136 ulli
1350 2096 1394 2136 in
1426 2095 1591 2136 Biblio-

135 2161 273 2202 thecis
314 2161 578 2203 Britannicis
609 2164 786 2205 latentes
815 2165 987 2206 intuitui
1019 2168 1168 2205 nostro
1204 2177 1250 2204 se
1285 2163 1587 2210 subduxerint,

134 2228 205 2268 vel
239 2241 294 2268 ex
326 2230 536 2270 memoria
554 2231 900 2284 subterfugerint,
923 2244 1023 2271 cum
1054 2243 1135 2284 pro
1162 2231 1322 2271 nostris
1344 2229 1593 2270 vindicave-

136 2295 286 2344 rimus,
310 2296 485 2336 eosdem
501 2297 544 2336 in
564 2297 756 2343 ordinem
773 2298 968 2339 redactos
985 2299 1064 2338 sub
1080 2297 1208 2337 finem
1223 2309 1460 2337 recensere.
1493 2294 1591 2336 Nec

136 2362 214 2402 abs
249 2375 294 2402 re
326 2376 550 2416 speramus
571 2363 676 2413 fore,
705 2364 895 2417 praefari,
916 2365 954 2404 si
974 2364 1055 2404 viri
1085 2364 1218 2413 docti,
1247 2363 1366 2403 hisce
1390 2363 1432 2402 in
1461 2362 1592 2403 rebus

137 2429 310 2478 versati,
332 2443 413 2470 nos
434 2431 503 2470 vel
523 2431 773 2481 titubantes,
794 2433 864 2472 vel
883 2436 1089 2481 errantes,
1109 2432 1179 2471 vel
1201 2432 1348 2483 aliquo
1370 2429 1499 2470 modo
1520 2427 1591 2468 de-

135 2493 346 2545 ficientes,
361 2496 729 2549 deprehenderint,
745 2499 967 2552 digitoque
985 2498 1261 2539 monstrarint
1275 2509 1361 2550 quo
1376 2496 1534 2536 rectius
1551 2495 1594 2535 in

136 2560 210 2602 via
228 2562 492 2614 incedamus,
525 2568 567 2605 et
598 2577 665 2614 ea,
687 2578 787 2618 quae
824 2564 1094 2617 indagemus,
1120 2565 1277 2605 certius
1306 2562 1590 2610 inveniamus,

137 2627 481 2672 benevolentiam
500 2632 544 2673 in
564 2632 686 2686 ipsos
707 2632 961 2674 translatam
980 2631 1086 2682 fore,
1113 2635 1157 2673 ct
1191 2643 1270 2671 nos
1302 2632 1421 2682 grato
1448 2629 1592 2671 animo

140 2699 407 2749 accepturos.
