1872 3104
247 173 359 216 1954
714 189 755 219 c.
786 189 824 219 J.
858 189 1075 220 ‹za-:smus
1109 189 1242 220 vl'rA.

241 279 398 328 ἔβάδιὲε
419 281 503 331 πρὸς
522 285 583 320 τὰς
602 283 710 332 θύρας
730 292 793 322 τοῦ
811 289 992 335 ταμιείου.
1022 285 1086 330 Μὴ
1107 289 1340 335 φαινομένων
1356 284 1396 322 δὲ
1416 292 1487 324 τῶν
1506 285 1696 334 κλειδῶν,4

240 346 394 395 χαλκεῖς
423 347 773 396 μεταπεμψάμενος,
806 349 992 385 ἐκκόπτειν
1022 349 1205 385 ἐκέλευεν.
1261 347 1377 386 Αὖθις
1405 349 1434 385 δ’
1454 350 1698 399 ἐνισταμένου

240 415 305 444 τοῦ
323 407 534 452 ΒῙετέλλου,
556 414 618 446 καί
636 426 745 446 τινων
776 411 1038 455 ἐπαινούντων,
1070 410 1341 460 διατεινόμενος
1371 415 1575 457 ἠπείλησεν
1605 415 1697 451 ἀπο-

240 477 380 509 κτενεῖν
400 473 524 516 αὐτὸν,
546 475 578 509 εἰ
597 476 647 521 μὴ
668 474 850 510 παύσαιτο
871 476 1127 524 παρενοχλῶν·
1169 476 1226 510 καὶ
1245 479 1360 519 τοῦτο,
1383 477 1463 525 ἔφη,
1493 476 1694 525 μειράκιον,

239 535 302 570 οὐκ
327 536 488 581 ἀγνοεῖς,
509 535 564 571 ὅτι
583 551 644 585 μοι
664 534 932 585 δυσκολώτερον
954 536 997 581 ἦν
1017 540 1150 581 εἰπεῖν,
1172 538 1193 581 ἢ
1213 542 1359 586 πρᾶξαι.
1406 537 1522 577 Οὗτος
1543 541 1561 575 ὁ
1581 542 1695 587 λόγος

239 598 322 633 τότε
341 599 400 633 καὶ
420 596 620 634 Μέτελλον
639 600 820 635 ἀπελθεῖν
839 601 992 645 ἐποίησε
1023 598 1311 647 καταδείσαντα,
1341 603 1400 638 καὶ
1423 604 1546 640 τᾶλλα
1565 601 1695 653 ῥᾳδίως

239 660 336 710 αύτῷ
356 661 413 697 καὶ
433 663 576 712 ταχέως
594 661 853 710 ὑπηρετεῖσθαι
872 663 957 712 πρὸς
976 663 1040 701 τὸν
1054 664 1232 714 πόλεμον.

738 880 773 922 C·
784 880 827 922 A
838 881 892 922 P.
945 881 1192 925 XXXVI.

343 974 555 1015 Hispaniam,
573 984 674 1016 quam
687 974 844 1016 Pompeii
860 975 964 1015 legati
981 975 1222 1017 defendebant,
1241 978 1339 1009 armis
1356 978 1472 1010 Caesar
1486 978 1592 1020 capit.

286 1059 502 1109 Ἐστράτευε
532 1058 563 1095 δ’
592 1062 642 1097 εἰς
660 1059 838 1109 Ἰβηρίαν,
871 1063 1045 1110 πρότερον
1077 1063 1243 1110 ἐγνωκὼς
1277 1062 1356 1100 τοὺς
1385 1066 1466 1112 περὶ
1484 1063 1691 1114 Ἀφράνιον

233 1125 292 1161 καὶ
310 1123 467 1173 Βᾶρωνα
481 1127 492 1142 ¹
516 1122 715 1173 Πομπηΐου
733 1123 962 1172 πρεσβευτὰς
981 1124 1173 1172 ἐκβαλεῖν,
1191 1129 1250 1163 καὶ
1270 1130 1331 1163 τὰς
1350 1129 1425 1164 ἐκεῖ
1440 1126 1612 1177 δυνάμεις
1631 1129 1691 1165 καὶ

233 1190 295 1225 τὰς
327 1188 511 1241 ἐπαρχίας
540 1187 596 1238 ὑφ’
629 1189 726 1239 αὑτῷ
757 1188 1017 1238 ποιησάμενος,
1049 1190 1159 1226 οὕτως
1189 1190 1249 1226 ε’πὶ
1279 1189 1478 1241 Πομπήϊον
1503 1193 1690 1238 ἐλαύνειν,

230 1249 374 1301 μηδένα
395 1254 486 1289 κατὰ
505 1252 620 1288 νώτου
648 1258 720 1288 τῶν
739 1253 931 1301 πολεμίων
958 1252 1239 1301 ὑπολιπόμενος.
1295 1252 1552 1290 Κινδυνεύσας
1571 1252 1612 1291 δὲ
1631 1255 1690 1291 καὶ

233 1320 375 1364 σώματι
399 1316 577 1352 πολλάκις
596 1317 672 1352 κατ’
691 1313 852 1363 ἐνέδρας,
884 1316 942 1351 καὶ
974 1318 1024 1365 τῷ
1055 1318 1195 1366 στρατῷ
1214 1318 1379 1365 μάλιστα
1399 1314 1460 1353 διὰ
1481 1317 1603 1366 λιμὸν,
1628 1318 1692 1354 οὐκ

230 1380 343 1423 ἀνῆκε
380 1380 555 1428 πρότερον
589 1377 727 1415 διώκων
764 1379 824 1414 καὶ
860 1377 1156 1426 προκαλούμενος
1203 1379 1262 1414 καὶ
1303 1380 1574 1431 περιταφρεύων
1611 1378 1690 1417 τοῦς

231 1441 376 1491 ἄνδρας,
394 1444 417 1487 ἢ
436 1442 557 1491 κύριον
574 1440 646 1490 βίᾳ
676 1443 855 1489 γενέσθαι
889 1447 961 1478 τῶν
995 1440 1265 1490 στρατοπέδων,
1297 1445 1354 1480 καὶ
1389 1449 1461 1480 τῶν
1480 1442 1687 1493 δυνάμεων.

229 1505 281 1543 Οἱ
301 1505 332 1544 δ’
350 1507 528 1555 ἡγεμόνες
546 1506 690 1559 ᾤχοντο
710 1504 796 1555 πρὸς
814 1504 1015 1555 Πομπήϊον
1033 1505 1243 1556 φεύγοντες.

715 1759 749 1800 C
763 1759 805 1801 A
819 1759 873 1801 P.
924 1759 1200 1802 XXXVII.

227 1854 343 1886 Caesar
358 1855 498 1886 Romam
515 1853 622 1885 redux
637 1857 671 1885 et
687 1853 835 1885 dictator
851 1858 988 1885 creatus
1003 1854 1096 1894 leges
1114 1853 1274 1895 quasdam
1291 1852 1360 1884 sert
1376 1852 1537 1883 Romanis
1555 1858 1682 1893 gratas;

270 1913 340 1938 tum
357 1907 528 1938 consulem
547 1917 581 1937 se
604 1907 675 1946 ipse
692 1907 777 1938 dicit
800 1917 874 1938 cum
899 1907 1045 1938 Servilio
1071 1907 1222 1938 Isaurico
1239 1908 1284 1948 (a.
1301 1906 1379 1937 Chr.
1408 1915 1441 1936 n.
1468 1904 1540 1945 48.)
1557 1910 1591 1936 et
1608 1914 1682 1937 cum

267 1960 439 1992 exercitus
467 1963 564 1999 parte
589 1959 623 1988 in
650 1959 788 1998 Epirum
815 1960 949 1998 transit,
975 1965 1078 2001 atque
1103 1960 1243 1991 Oricum
1268 1958 1552 1999 Apolloniamque
1575 1958 1681 1998 capit.

267 2012 448 2043 Exercitus
476 2012 613 2042 relictus
643 2012 750 2052 primo
768 2012 902 2052 quidem
929 2022 1021 2052 aegre
1043 2011 1111 2043 fert
1138 2012 1272 2043 labores
1298 2011 1488 2050 continuos,
1510 2016 1581 2042 tum
1599 2019 1681 2042 vero

265 2074 393 2096 summa
409 2063 596 2105 cupiditate
613 2063 783 2095 Cmsareni
800 2064 833 2094 iu
851 2064 990 2104 Epirum
1008 2064 1173 2105 sequendi
1191 2063 1324 2104 flagrat.

276 2150 555 2187 Ἐπανελθόντα
574 2148 603 2186 δ’
621 2151 671 2186 εὶς
695 2149 841 2198 Ῥώμην
860 2149 1037 2197 Καίσαρα
1066 2148 1218 2185 Πείσων
1247 2150 1319 2197 μὲν
1338 2148 1357 2183 ὁ
1377 2147 1555 2197 πενθερὸς,
1569 2164 1682 2198 παρε-

225 2215 329 2251 κάλει
348 2215 432 2261 πρὸς
453 2212 650 2264 Πομπήϊον
669 2214 921 2250 ἀποστέλλειν
936 2209 1070 2261 ἄνδρας
1085 2213 1172 2261 ὑπὲρ
1193 2211 1408 2256 διαλύσεως,
1423 2211 1621 2260 Ἰσαυρικὸς
1640 2210 1680 2249 δὲ

877 2318 1019 2351 NOTAE

264 2385 283 2414 4
306 2385 372 2414 Τῶν
396 2383 536 2424 κλειδῶν]
570 2382 662 2415 Quas
689 2383 843 2414 consules
865 2383 921 2413 ha·
977 2381 1195 2420 obstiterunt,
1227 2381 1347 2412 tertius
1378 2390 1452 2411 cum
1483 2379 1614 2411 duabus
1644 2380 1678 2411 in

222 2433 361 2466 bebaut.
976 2432 1153 2463 Lusitania
1180 2432 1317 2462 obstare
1343 2431 1461 2461 voluit.
1508 2431 1563 2461 De
1591 2429 1678 2460 bello

975 2481 1105 2513 Caesari
1135 2492 1296 2522 perquam
1336 2481 1538 2521 periculoso,
1567 2485 1602 2510 et
1633 2479 1675 2510 de

264 2538 278 2566 l
305 2533 443 2575 Βάρωνα]
474 2535 555 2565 Tres
571 2535 672 2575 legati
690 2535 856 2576 Pompeio
886 2535 918 2565 in
973 2532 1225 2572 oppugnatione
1243 2532 1413 2569 Massiliae,
1429 2531 1523 2572 cujus
1541 2530 1676 2560 Plutar-

220 2584 385 2623 Hispania
415 2588 522 2624 erant,
551 2585 588 2614 L.
616 2584 769 2621 Afranius
791 2585 919 2625 Nepos,
974 2583 1054 2612 chus
1082 2585 1202 2622 (supra
1232 2593 1261 2613 v.
1301 2585 1367 2619 16.)
1393 2580 1505 2611 obiter
1543 2583 1673 2609 tantuin

218 2633 269 2665 M.
286 2634 459 2673 Petreius,
478 2640 512 2664 et
529 2634 667 2664 M.Ter.
686 2634 815 2671 Varro;
841 2644 919 2674 quo-
973 2633 1179 2663 mentionem
1197 2631 1375 2670 fecit,vide
1389 2628 1530 2660 Caesaris
1545 2628 1673 2661 Corum.

220 2692 292 2713 rum
324 2684 454 2722 priores
481 2685 608 2715 Caesari
637 2683 678 2714 ad
706 2684 858 2715 Sicorem
884 2683 917 2715 fl.
973 2682 1016 2715 de
1033 2682 1131 2714 Bello
1149 2682 1247 2715 Civili
1263 2681 1322 2713 lib.
1339 2689 1364 2712 ι.
1380 2684 1415 2711 et
1430 2688 1471 2712 υ,

217 2732 430 2773 potissimum
457 2741 534 2764 cum
555 2733 702 2775 quinque
728 2733 918 2774 legionibus
