1872 3104
636 165 678 194 c.
708 164 745 193 J.
777 160 993 192 CAESAms
1026 161 1157 190 vrrA.
1502 150 1614 192 1937

167 259 317 298 ὑλώδεις
338 261 505 298 αὐλῶνας
535 259 914 304 ἀνασκευασαμένων,
936 257 1174 303 πυρπολήσας
1205 255 1274 304 μὲν
1305 258 1372 300 τὴν
1401 263 1473 293 τῶν
1503 262 1616 295 πολε·

166 328 273 373 μίων,
295 322 473 374 θαρῤὕνας
493 319 533 357 δὲ
562 317 640 356 τους
659 320 718 355 ἀεὶ
750 322 794 355 τὰ
826 319 1017 368 Ῥωμαίων
1037 320 1354 367 (ἰσττ-αὲομένους,1
1375 321 1615 370 ἀνεχώρησεν

166 385 266 424 αὖθις
285 390 335 423 εἷς
353 389 419 430 τὴν
437 383 645 427 Γαλατίαν,
667 383 782 419 ε’ἱκοσι
804 380 902 418 δυεῖν
924 381 1077 418 δεούσας
1107 384 1244 430 ἡμέρας
1270 384 1311 418 ἐν
1344 385 1387 435 τῇ
1407 382 1615 437 Γερμανικῇ

165 448 404 498 διατετριφώς.
450 447 497 483 'H
512 446 540 483 δ’
560 448 618 483 ἐπὶ
639 444 717 482 τους
737 444 937 493 Βρετιινους
950 447 965 463 ²
985 450 1157 494 στρατεία
1178 449 1244 491 τὴν
1256 447 1327 494 μὲν
1347 449 1492 496 τόλμαν
1511 446 1617 498 εἶχεν

166 514 388 562 ὀνομαστήν.
445 510 590 558 Πρῶτος
611 512 682 558 γὰρ
702 512 753 546 εἰς
772 509 836 546 τὸν
858 510 1030 558 ἑσπέριον
1058 510 1218 546 ὠκεανὸν
1239 509 1357 555 ἐπέβη
1372 511 1383 530 3
1407 513 1536 561 στόλῳ,
1558 514 1617 549 καὶ

166 574 227 613 διὰ
245 583 305 620 τῆς
318 572 561 611 Ἀτλαντίδος
580 574 775 618 θαλάττης,
798 573 952 621 στρατὸν
974 574 1032 609 ε’πὶ
1061 576 1227 622 πόλεμον
1246 576 1421 623 κομίξων,
1442 576 1616 614 ἕπλευσε’

165 639 222 675 καὶ
244 647 369 683 νῆσον,
390 639 666 687 ἀπιστουμένην
686 638 756 674 ὑπὸ
787 639 978 687 μεγέθους,
1014 639 1073 673 καὶ
1104 640 1248 682 πολλὴν
1278 639 1354 686 ἔριν
1384 640 1619 688 παμπόλλοις

165 705 418 752 συγγραφεῦσι
434 708 721 751 παρασχοῦσαν,
743 703 788 737 ὡς
807 700 926 749 ὄνομα
947 702 1006 737 καὶ
1027 702 1139 748 λόγος
1159 703 1201 737 οὐ
1221 705 1438 750 γενομένης,
1460 701 1533 739 οὐδ’
1556 703 1619 739 οὔ·

493 765 511 785 4

165 780 241 810 σης,
263 768 490 808 πέπλασται,
530 769 735 814 κατασχεῖν
755 766 981 813 ἐπιθέμενος,
1003 767 1246 813 προσὴγαγεν
1272 766 1336 808 ἔξω
1364 771 1422 808 τῆς
1455 768 1619 816 οἰκουμέ-

166 845 226 875 νης
246 830 312 872 τὴν
329 828 524 878 Ῥωμαίων
544 829 762 877 ἡγεμονίαν.
819 826 880 863 Δὶς
902 825 943 863 δὲ
966 825 1192 863 διαπλεύσας
1211 830 1263 864 εἰς
1281 830 1346 872 τὴν
1368 834 1481 871 νῆσον
1499 830 1538 866 ἐκ
1557 836 1618 873 τῆς

162 893 358 940 ἀντιπέρας
378 891 580 936 Γαλατίας,
597 893 656 927 καὶ
675 892 814 941 μάχαις
833 893 991 926 πολλαῖς
1015 890 1181 927 κακώσας
1207 890 1288 927 τοὺς
1307 893 1504 941 πολεμίους
1521 896 1620 942 μᾶλ-

163 958 246 1000 λον,
268 956 289 999 ἢ
309 953 387 992 τους
408 954 515 992 ἰδίους
536 956 738 1004 ὠφελήσας,
783 952 904 1000 (οὐδὲν
936 955 1040 1002 γὰρ,5
1075 953 1095 989 ὅ
1123 969 1156 990 τι
1188 955 1246 990 καὶ
1279 953 1418 1000 λαβεῖν
1444 953 1490 998 ἦν
1515 957 1618 1000 ἄξιον

164 1020 227 1055 ἀπ’
257 1020 458 1063 ἀνθρώπων
488 1016 671 1063 κακοβίων
701 1019 760 1055 καὶ
787 1022 970 1064 πενήτων)
1000 1018 1072 1068 οὐχ
1090 1015 1169 1054 οἷον
1189 1016 1378 1064 ἐβούλετο,
1401 1020 1449 1068 τῷ
1469 1021 1617 1069 πολέμῳ

165 1085 267 1119 τέλος
287 1082 476 1126 ἐπέθηκεν,
497 1083 583 1117 ἀλλ’
603 1082 757 1131 ὁμήρους
780 1080 914 1128 λαβὼν
935 1083 1034 1129 παρὰ
1061 1085 1123 1118 τοῦ
1141 1079 1360 1128 βασιλέως,6
1381 1083 1439 1117 καὶ
1458 1082 1616 1132 ταξάμε-

165 1146 387 1195 νοςφόρους,
417 1146 613 1188 ἀπῆλθεν7
653 1146 692 1181 ἐκ
724 1151 783 1188 τῆς
811 1145 936 1188 νήσου.
994 1144 1071 1181 Καὶ
1102 1143 1388 1192 καταλαμβάνει
1415 1147 1619 1194 γράμματα

163 1211 352 1258 μέλλοντα
379 1205 554 1244 διαπλεῖν
581 1207 667 1255 πρὸς
693 1208 818 1251 αὐτὸν,
852 1207 925 1244 ἀπὸ
956 1213 1027 1244 τῶν
1048 1208 1089 1243 ἐν
1118 1207 1240 1260 Ῥώμῃ
1273 1210 1404 1256 φίλων,
1433 1206 1619 1252 δηλοῦντα.

164 1274 231 1316 τὴν
249 1277 309 1314 τῆς
329 1271 506 1319 θυγατρὸς
524 1272 634 1307 αὺτοῦ
654 1271 842 1313 τελευτήν·
872 1270 1049 1307 ἐτελεύτα
1087 1269 1128 1307 δὲ
1153 1270 1349 1307 τίκτουσα8
1385 1274 1484 1319 παρὰ
1515 1270 1621 1322 Πομ-

164 1334 273 1384 πηΐῳ.
327 1333 403 1370 Καὶ
435 1337 536 1382 μέγα
564 1334 634 1383 μὲν
660 1333 772 1370 αὑτὸν
805 1335 896 1384 ἔσχε
927 1332 1141 1382 Πομπήϊον,
1173 1337 1274 1383 μέγα
1296 1332 1336 1369 δὲ
1364 1336 1422 1370 καὶ
1441 1334 1618 1383 Καίσαρα

165 1398 307 1434 πένθος·
338 1396 372 1432 οἱ
402 1395 441 1432 δὲ
467 1399 567 1447 φίλοι
601 1397 946 1448 συνεταράχθησαν,
979 1401 1022 1433 ὡς
1055 1405 1116 1441 τῆς
1151 1397 1193 1433 ἐν
1223 1398 1346 1450 εἰρήνῃ
1381 1399 1437 1433 καὶ
1464 1399 1619 1448 ὁμονοίᾳ

165 1461 289 1497 τᾶλλα
316 1467 503 1496 νοσοῦσαν
540 1462 606 1504 τὴν
643 1464 838 1498 πολιτείαν
867 1460 1125 1509 φυλασσοὺσης
1159 1461 1372 1504 οἰκειότητος
1401 1463 1620 1510 λελυμένης.

166 1522 243 1560 Καὶ
262 1524 333 1571 γὰρ
353 1523 393 1561 τὸ
408 1521 540 1574 βρέφος
561 1524 677 1568 εὐθὺς,
695 1525 737 1561 οὺ
756 1526 900 1561 πολλὰς
918 1525 1053 1573 ἡμέρας
1066 1525 1160 1574 μετὰ
1176 1525 1241 1568 τὴν
1257 1526 1397 1572 μητέρα
1418 1522 1618 1570 διαὲῆσαν,

825 1657 963 1690 NOTAE

212 1753 228 1781 l
253 1748 514 1792 Ἀσπαζομένους]
550 1751 656 1782 Ubios
685 1751 865 1792 intelligas.

208 1804 230 1832 2
266 1801 333 1831 Ἐπὶ
363 1801 435 1832 τοὺς
468 1801 650 1842 Βρετανοὺς]
689 1803 804 1834 Caesar
833 1803 866 1833 iu

166 1851 376 1882 Britanniam
392 1852 559 1892 proficisci
573 1853 762 1892 contendit,
775 1853 865 1894 quod

167 1902 321 1932 omnibus
336 1900 410 1932 fere
434 1902 576 1933 Gallicis
601 1903 696 1933 bellis
713 1903 864 1934 hostibus

168 1951 391 1982 Romanorum
407 1952 485 1982 inde
502 1952 756 1984 subministrata
773 1953 865 1983 auxi-

168 2001 213 2031 lia
239 2001 463 2042 intelligebat.
500 2003 586 2035 Caes.
615 2003 658 2034 de
685 2004 727 2034 B.
745 2003 787 2035 G.
815 2012 864 2035 lv.

168 2053 220 2082 20.

210 2102 230 2131 3
251 2099 381 2140 Ἐπέβη]
402 2101 527 2133 Reiske
542 2103 671 2134 mavult
687 2102 788 2140 ἐνέβη.

212 2153 232 2181 4
255 2149 454 2190 Πέπλασται]
476 2151 526 2183 Cf.
543 2153 716 2184 Manum-ti
739 2154 865 2193 Geogr.

169 2200 232 2232 Gr.
249 2206 283 2231 et
298 2201 393 2231 Rom.
409 2202 504 2233 Tom.
522 2211 563 2232 11.
579 2213 656 2242 pars
670 2212 709 2234 11.
723 2213 742 2233 a
755 2204 863 2243 princ.

212 2255 230 2282 5
255 2250 352 2281 Οὐδὲν
366 2251 441 2292 γὰρ]
465 2252 521 2283 Sc.
536 2251 584 2292 ἦν,
599 2252 647 2282 ὅτι
666 2253 716 2283 καὶ
735 2252 817 2292 ἄξιον
829 2252 867 2290 ἦν

170 2303 292 2341 λαβεῖν,
309 2306 376 2333 etc.

213 2354 233 2382 6
256 2350 343 2391 Παρὰ
366 2352 421 2381 τοῦ
445 2350 614 2393 βασιλέως]
636 2353 792 2393 Intellige
811 2363 869 2394 po-

170 2401 335 2432 tissimum
356 2401 654 2443 Cassivellaunum,
676 2404 770 2443 cujus
796 2413 868 2443 reg-

170 2461 249 2482 num
265 2452 354 2482 ultra
369 2451 527 2482 Tamesin
543 2457 630 2483 erat.

211 2504 230 2531 7
253 2499 423 2539 Ἀπῆλθεν]
439 2500 508 2531 Alii
521 2501 627 2532 Codd.
641 2502 764 2542 ἆπῇρεν.
780 2503 865 2533 Mox

172 2550 297 2582 Reiske
315 2551 355 2582 de
373 2560 430 2580 suo
447 2550 541 2580 dedit
558 2550 707 2581 ἐτελεύτα
723 2561 784 2591 pro
799 2553 866 2581 vul-

173 2604 252 2641 gato
266 2601 410 2640 τελευτᾷ.
455 2599 546 2630 Idem
564 2601 662 2639 paulo
675 2606 751 2640 post
768 2600 800 2630 in
816 2600 867 2630 καὶ

171 2649 311 2691 Καίσαρα
346 2651 492 2691 priorem
531 2651 685 2681 voculam
723 2649 864 2690 adjecit,

173 2701 262 2742 quod
275 2711 339 2731 non
355 2710 450 2741 aeque
465 2701 693 2732 necessarium
709 2701 853 2732 videtur.

258 2754 373 2794 Delph.
389 2757 420 2785 et
440 2754 512 2785 Var.
527 2755 612 2786 Clas.

867 2755 946 2786 Coes.

965 1755 984 1784 8
1007 1753 1172 1794 Timone-a]
1195 1755 1287 1787 Julia
1313 1764 1332 1786 a
1348 1754 1513 1796 Pompeio
1540 1754 1620 1786 ada-

920 1808 1022 1841 mata,
1039 1804 1212 1845 ipsumque
1227 1804 1445 1835 vehementer
1459 1814 1571 1836 amans
1585 1809 1623 1836 et

919 1853 1068 1894 gravida,
1089 1864 1165 1885 cum
1189 1854 1344 1894 Pompeii
1364 1858 1474 1893 togam
1490 1863 1552 1894 per
1569 1858 1619 1884 tu-

919 1903 1061 1933 multum
1087 1904 1120 1934 in
1137 1903 1207 1934 foro
1228 1907 1440 1934 cruentatam
1466 1903 1623 1943 vidisset,

918 1952 1073 1983 abortum
1088 1951 1191 1991 facit3
1215 1953 1339 1983 iterum
1354 1952 1502 1992 gravida,
1525 1953 1621 1993 puel·

920 2003 985 2033 lam
999 2003 1100 2043 parit,
1111 2007 1214 2044 atque
1227 2013 1270 2034 ex
1285 2008 1387 2043 partu
1403 2003 1487 2034 obit.
1512 2003 1622 2034 Paulo

919 2058 997 2094 post
1014 2054 1127 2093 puella
1143 2063 1277 2094 quoque
1295 2062 1414 2084 recens
1431 2058 1511 2084 nata
1527 2053 1624 2084 mori·

921 2109 989 2134 tur.
1036 2104 1165 2144 Corpus
1182 2104 1296 2143 Juliae,
1320 2102 1410 2144 quod
1436 2104 1622 2144 Pompeius

918 2154 952 2184 in
965 2152 1111 2193 Albano,
1130 2153 1188 2184 ubi
1207 2153 1312 2193 ipsius
1329 2158 1450 2193 postea
1466 2153 1620 2194 reliquiae

920 2204 1166 2243 condebantur,
1180 2203 1375 2235 conditurus
1391 2208 1478 2242 erat,
1489 2213 1507 2233 a
1519 2202 1621 2243 plebe

920 2253 1085 2293 virginem
1109 2253 1291 2284 miserante
1315 2253 1349 2283 in
1377 2253 1496 2293 Camp.
1515 2252 1621 2283 Mart.

920 2302 1136 2334 efferebatur.
1180 2303 1275 2333 Plut.
1300 2311 1335 2333 v.
1366 2302 1486 2342 Pomp.
1515 2313 1544 2334 c,
1567 2305 1622 2334 53.

921 2352 990 2383 Alii
1005 2352 1131 2385 Juliam
1155 2352 1259 2383 filium
1285 2352 1455 2393 peperisse
1473 2351 1622 2383 tradide-

921 2409 1020 2442 runt;
1058 2404 1118 2434 sed
1156 2404 1318 2434 assentior
1347 2403 1545 2433 Casaubono
1576 2401 1620 2433 ad

920 2453 1060 2484 Sueton.
1086 2453 1157 2485 Jul.
1186 2463 1215 2483 c.
1247 2455 1299 2482 26.
1340 2451 1526 2482 mirandum
1553 2459 1620 2482 non

918 2511 1003 2539 esse,
1020 2503 1054 2532 iu
1078 2513 1113 2533 re
1139 2508 1208 2533 tam
1235 2503 1330 2542 parvi
1353 2501 1515 2532 momenti
1530 2501 1620 2531 iuter

919 2552 1102 2591 scriptores
1118 2562 1184 2582 non
1201 2552 1394 2590 convenire,
1407 2560 1484 2581 cum
1500 2560 1558 2581 eos
1574 2550 1621 2581 vi-

920 2602 1056 2631 deamus
1072 2601 1107 2631 in
1128 2600 1228 2631 rebus
1245 2601 1344 2640 longe
1361 2600 1514 2631 maximis
1539 2609 1619 2631 con·

921 2650 1024 2682 traria
1048 2650 1207 2691 invicem,
1233 2650 1358 2682 nedum
1384 2649 1520 2681 diversa
1539 2650 1620 2682 scri-

921 2700 1013 2734 bere.

1458 2755 1479 2784 6
1502 2753 1534 2784 G
