1872 3104
271 195 387 239 2006

304 300 369 332 Sub
385 301 551 342 Metropoli
562 302 696 342 Aqucnsi
708 306 836 343 quatuor
848 304 937 344 Epis-

572 357 704 393 vopulus.

315 400 379 432 VI.
401 402 558 442 Aplrnsis.
581 404 656 443 Apt.
681 403 773 444 Apta
787 404 879 436 Julia
892 404 970 434 Vul-

274 451 449 492 gIentium.
476 453 564 482 Mane
579 452 780 484 Albensium
794 455 825 484 iu
839 454 970 485 Nomia

273 502 530 533 Provinciarum
550 511 609 542 pro
627 503 838 543 Aptensium.

316 551 575 581 x‘11.Rciens1·s.
621 552 707 583 Ri'e's.
760 555 852 586 Male
882 555 970 595 apud

273 601 446 632 Sidonium
474 607 507 630 ct
533 602 612 631 alios
641 603 830 643 Regiensis,
884 605 972 636 Civi-

275 655 327 681 tas
345 650 552 680 Reiensium.

318 700 420 731 VIII.
448 701 678 738 forojuliensis.
707 702 822 740 FreJ‘us.
851 703 971 734 Forum

273 751 416 791 Julium,
457 754 706 783 (jc-tavanorum
736 752 878 783 coloniae
909 754 973 783 Pa-

276 803 386 834 censis
404 803 555 833 classica.

319 852 382 883 IX.
410 852 649 883 Cesteroneusis.
693 853 846 884 Cisteron.
896 852 975 884 Ces-

277 907 363 934 tero.
421 904 591 934 Excusum
624 910 737 935 tamen
777 905 903 935 Cessero
942 905 974 934 in

277 953 415 984 Notitia
449 953 720 985 Provinciarum.
769 954 976 995 Segestorio-

275 1013 350 1034 rum
366 1003 498 1035 civitas.

308 1053 372 1084 Sub
389 1065 464 1085 not-u
481 1055 648 1095 [Metropoli
660 1055 836 1086 Arelatensi
857 1055 945 1096 Epis-

522 1109 648 1144 copatus
663 1107 731 1136 duo.

321 1153 366 1184 X.
391 1154 549 1185 Massilia.
574 1155 742 1186 Mursm'lle.

277 1213 391 1234 corum
410 1204 679 1236 Pliocaeensium.

322 1253 385 1285 XI.
414 1254 595 1285 Telonensis.
638 1256 762 1287 Toulon.
798 1256 977 1287 Telouum.

478 1305 560 1334 Duae
576 1304 774 1345 illotropole&

322 1353 406 1385 XII.
431 1354 592 1394 .›1q11e71sis.
615 1356 694 1385 Arx.
726 1355 833 1396 Aquae
850 1355 976 1388 Sextiae

277 1405 465 1445 Salyorum.
530 1404 687 1436 Secunda
735 1405 979 1437 Narbonensis.

278 1455 394 1486 Tertia
430 1454 645 1486 Viennensis.
713 1455 819 1486 Sedes
862 1456 978 1487 Parla-

280 1504 397 1534 menti.

323 1553 425 1585 XIII.
448 1554 648 1585 Arelatensis.
688 1555 790 1586 Arles.
837 1554 978 1586 Arelate

279 1603 468 1644 Salyorum.
534 1603 675 1635 Arelate
742 1605 977 1636 Sextanorum.

279 1653 380 1685 Nova
391 1655 612 1695 Metropolis:
631 1664 741 1697 neque
754 1655 834 1686 mihi
847 1661 979 1687 constat

280 1706 414 1746 quando
457 1706 638 1745 instituta;
684 1717 761 1738 nam
797 1713 877 1739 ante
915 1714 982 1740 tre-

279 1760 398 1787 centos
414 1765 519 1787 annos
535 1761 608 1789 erat
624 1757 684 1788 snb
700 1759 899 1790 Viennensi.

777 1155 866 1186 Urbs
883 1155 977 1186 Grae-

279 1855 489 1888 Divionense
515 1857 690 1897 Tribunah
735 1859 929 1891 institutum
962 1869 982 1890 a

324 1906 500 1937 Ludovico
525 1907 612 1937 XII.
656 1908 726 1939 Sub
743 1918 783 1940 eo
799 1900 865 1940 du'o
889 1910 982 1950 Epis-

325 1960 476 1995 copatus.
522 1956 626 1986 Divio
653 1958 809 1989 Castrum
842 1965 982 1991 vocatur

326 2006 360 2036 in
379 2006 632 2046 Martyrologiis
648 2007 899 2040 vetustissimis.

346 2089 410 2121 Sub
427 2089 594 2131 Metropoli
607 2091 807 2132 Lugdunensi
823 2092 914 2133 Epis-

530 2144 656 2181 capatus
668 2142 737 2173 duo.

326 2206 354 2238 1.
376 2208 674 2246 Augustodunensis.
691 2207 827 2241 Ausum.
850 2207 982 2250 Augus-

284 2256 449 2288 todunum
467 2256 651 2289 Eduorum.

326 2305 375 2337 11.
401 2306 633 2338 cabillonensis.
663 2308 792 2339 Challon
803 2317 856 2338 sur
871 2307 981 2340 Saone.

282 2356 356 2398 (Ita
378 2356 481 2388 scribi
502 2356 607 2388 debet
629 2356 771 2398 Gallice,
791 2367 858 2389 non
884 2358 983 2389 Chaa-

283 2408 346 2438 lon.
415 2407 504 2438 Nam
538 2407 602 2438 hoc
633 2413 687 2440 est
731 2408 983 2449 Catalaunum.)

284 2456 506 2497 Caballinum,
537 2458 590 2489 vel
615 2457 847 2491 Caballionum
873 2459 984 2491 Eduo-

284 2517 372 2541 rum.

286 2609 538 2652 Rotomageuse
554 2608 733 2652 Tribunal‚
750 2610 941 2644 institutum
966 2618 986 2639 a

328 2661 500 2693 Ludovico
516 2661 601 2693 XII.
645 2661 716 2693 Sub
741 2670 806 2703 quo
821 2661 985 2694 dioeceses

330 2716 461 2750 septem
475 2722 482 2741 2
507 2718 648 2752 quarum
664 2721 723 2742 sex
737 2712 960 2755 Episcopatus
975 2723 982 2745 :

332 2769 414 2791 rinus
434 2760 764 2802 Archiepiscopatus.

745 207 946 239 JOSEPHI
987 206 1248 239 SCALIGERI

1072 301 1136 332 Sub
1154 300 1320 341 Metropoli
1336 299 1554 339 Rotomagemi
1571 298 1662 341 Epr's-

1266 354 1391 390 capatus
1404 360 1470 381 sex.

1063 401 1091 432 1.
1118 401 1382 431 Abrincantvnsis.
1427 401 1613 432 Arrenches.
1661 399 1716 431 In·

1021 463 1105 493 gena
1123 453 1396 483 Abricantorum.

1063 504 1112 534 11.
1137 503 1342 534 Bor-nicensis.
1378 503 1516 534 Evreur.
1553 502 1719 533 Mediola-

1022 563 1100 583 num
1116 553 1336 583 Aulercorum
1352 553 1592 584 Eburovicum.

1066 603 1134 634 111.
1159 603 1350 634 Baiocensis.
1386 603 1523 634 Buieux.
1562 602 1720 634 Baiocas·

1023 663 1088 683 ses.

1067 702 1128 732 IV.
1153 702 1302 733 Saiensis.
1342 703 1422 734 Suis.
1461 703 1614 734 Saiornm
1632 702 1721 734 Civi-

1025 756 1089 782 tas.
1535 788 1542 795 ·

1068 801 1109 831 V.
1134 802 1388 833 Constantiensis.
1420 803 1602 834 Cmilunces.
1638 802 1723 834 Con-

1027 851 1163 882 stantia.

1069 902 1131 931 vl.
1156 902 1366 933 Lcsouiensis.
1403 902 1542 934 Lisieux.

1222 951 1404 991 Metropolis
1419 952 1518 984 unica.

1068 1002 1151 1033 VII.
1175 1002 1423 1041 Rotomagensis.
1465 1004 1586 1034 Rouen.
1624 1004 1725 1035 Roto-

1026 1061 1142 1093 magus
1158 1052 1447 1083 Vcnellocassum.
1472 1052 1626 1083 Secunda
1641 1054 1725 1093 Bug-

1027 1102 1196 1132 dunensis.
1242 1102 1346 1133 Sedes
1370 1102 1566 1142 amplissimi
1581 1103 1727 1134 Senatus

1027 1152 1256 1184 Normanniae.

1026 1253 1184 1283 Tribunal
1216 1252 1416 1283 Redonense
1453 1252 1486 1282 in
1527 1251 1726 1283 Britonibus

1071 1303 1290 1341 Ammoi-icis,
1314 1302 1504 1333 institutum
1517 1302 1558 1333 ab
1575 1302 1728 1334 Henrico

1071 1353 1120 1385 11.
1149 1352 1312 1383 memoria
1334 1356 1459 1384 nostra.
1504 1352 1574 1384 Sub
1597 1361 1637 1383 eo
1652 1355 1731 1383 sunt

1071 1403 1235 1441 dioeceses
1270 1411 1402 1442 novem,
1435 1412 1549 1434 omnes
1588 1403 1729 1443 Episco-

1070 1458 1182 1494 patus.

1097 1503 1160 1533 Sub
1178 1502 1346 1542 Metropoli
1363 1502 1532 1534 Turonensi
1548 1504 1654 1535 nobem

1269 1553 1482 1593 Episcopatus.

1073 1602 1102 1634 I.
1126 1603 1318 1634 Briocensis.
1356 1602 1466 1633 Suiuct
1482 1602 1595 1634 Brieu.

1073 1652 1123 1683 11.
1149 1652 1400 1684 Maclzcocieusis.
1446 1652 1555 1683 sainct
1567 1651 1665 1683 Malo.

1072 1702 1141 1733 111.
1184 1702 1361 1733 Leoncusis.
1422 1701 1530 1733 Suinct
1567 1702 1651 1734 Paul
1693 1704 1731 1734 de

1029 1753 1124 1784 Leon.

1074 1805 1136 1835 IV.
1160 1804 1378 1835 Nannetensis.
1427 1803 1559 1836 Nautes.
1608 1804 1729 1837 Condi-

1031 1854 1178 1885 vicinum
1197 1853 1404 1884 Nannetum.

1074 1905 1118 1935 V.
1147 1904 1334 1935 Venetensis.
1371 1904 1503 1936 Vannes.
1539 1901 1665 1935 Veneti
1680 1914 1730 1935 sa-

1033 1954 1074 1985 tis
1091 1954 1161 1985 noti
1179 1954 1439 1984 Commentariis
1453 1954 1610 1985 Caesaris.

1074 2004 1104 2033 V
1109 2003 1137 2034 1.
1165 2002 1376 2033 Tricoriensis.
1400 2001 1556 2042 Tii'guieru
1587 2004 1734 2035 Lamltri-

1029 2053 1132 2092 guier.

1075 2103 1158 2135 VII.
1183 2102 1438 2144 Cur-osopitensis.
1484 2102 1690 2135 Cor-nouaille.

1074 2152 1178 2184 VIII.
1203 2154 1358 2184 Dolensis.
1398 2153 1472 2184 Dol.
1510 2153 1578 2184 Hic
1595 2154 1734 2194 Episco-

1032 2213 1096 2244 pus
1131 2203 1233 2234 habet
1251 2203 1308 2243 jus
1333 2203 1439 2244 pallii,
1460 2207 1497 2234 et
1522 2203 1600 2235 ideo
1624 2203 1734 2235 locum

1031 2253 1135 2285 habet
1150 2253 1241 2284 inter
1256 2252 1552 2294 Archiepiscopos.

1075 2304 1137 2335 IX.
1162 2303 1365 2334 Redonensis.
1415 2303 1527 2336 Renes.
1579 2303 1737 2336 Condate

1032 2355 1222 2386 Redonum.
1279 2354 1385 2386 Sedes
1420 2353 1634 2387 Par-lamenti
1663 2355 1737 2387 Bri-

1034 2405 1157 2437 tanniae
1174 2404 1396 2437 Aremoricae.

1077 2455 1194 2496 Atque
1210 2455 1241 2486 hi
1265 2454 1400 2496 quidem
1417 2457 1497 2485 sunt
1511 2457 1590 2486 octo
1603 2454 1735 2495 amplis-

1035 2507 1109 2538 simi
1125 2508 1269 2538 senatus
1285 2507 1447 2538 Franciae.
1491 2506 1562 2537 Sed'
1582 2506 1735 2538 accrevit

1035 2556 1157 2589 ditioni
1184 2557 1289 2597 Regis
1318 2556 1471 2588 Franciae
1508 2555 1653 2586 Senatus
1684 2565 1736 2587 su-

1035 2617 1171 2642 premus
1182 2606 1441 2646 Benearnensis,
1451 2604 1734 2636 christianissimo

1035 2645 1188 2693 iienrico
1224 2666 1305 2699 rege
1343 2654 1505 2687 Navarrae
1533 2659 1734 2695 capessente

1034 2715 1206 2751 sceptrum
1228 2706 1322 2749 regni
1336 2703 1488 2738 Francia
1505 2704 1586 2745 jure
1602 2714 1734 2737 succes-

1034 2760 1131 2792 sorio.
1184 2758 1317 2790 Tamen·
1338 2752 1595 2789 ennean-nensis·
1612 2754 1734 2796 princi-
