1872 3104
245 481 549 533 HENRICI
590 480 985 529 DODWELLI
1020 477 1492 528 DIJsSERTATIO

139 611 201 642 DE
223 610 448 643 AUCTORE
494 608 709 640 L1B.V111.
743 609 805 638 DE
838 607 994 638 BELLO
1036 607 1171 639 GALL.
1192 608 1251 638 ET
1280 605 1417 636 ALEX.
1447 600 1600 634 AFRIC.

676 674 834 706 ATQUE
868 672 1065 704 HISPAN.

301 960 453 999 Auctor
487 959 660 1010 Prologi
692 959 745 997 ad
778 958 918 995 librum
950 956 996 994 (Ie
1027 955 1122 994 bello
1158 955 1310 994 Gallico
1342 964 1445 992 vul.

393 1023 555 1061 Hirtius
568 1023 843 1074 poliussuisse
862 1021 1015 1059 videtur
1035 1034 1144 1072 quam
1172 1021 1338 1070 Oppia&

147 1131 199 1179 St
250 1141 405 1191 quidem
458 1147 561 1178 recte
608 1140 749 1178 habeat.
786 1141 895 1177 locus
948 1138 1134 1182 Suetonii,
1170 1137 1372 1185 jamtum
1412 1135 1610 1173 extiterint

143 1211 294 1253 oportet
326 1205 410 1242 libri
450 1218 594 1250 onmes,
633 1218 729 1255 quos
767 1205 973 1254 pollicetur
1010 1209 1147 1240 auctor
1186 1200 1340 1251 Prologi
1377 1200 1424 1237 ad
1468 1199 1608 1236 librum

144 1267 234 1305 belli
264 1268 407 1305 Gallici
445 1279 546 1306 v111.
583 1268 754 1305 nonduin
789 1274 934 1312 autem,
971 1272 1013 1303 ut
1032 1266 1199 1311 videtur,
1236 1266 1309 1302 sub
1344 1264 1499 1301 nomine
1519 1262 1612 1300 Julii

145 1331 259 1377 Celsi,
293 1331 358 1369 sed
383 1332 505 1382 Oppii
525 1331 712 1369 duntaxat
732 1338 769 1369 et
807 1332 942 1368 Hirtii:
974 1337 1159 1379 erantque
1192 1342 1281 1367 sane
1301 1329 1416 1366 ambo
1448 1328 1499 1364 illi
1530 1328 1615 1364 Cae-

147 1395 219 1432 sari
239 1395 330 1432 satis
351 1396 570 1433 familiares.
628 1397 708 1433 Cur
728 1402 856 1433 autem
890 1394 1021 1444 Oppio
1042 1394 1311 1437 tribuerentur,
1345 1405 1428 1429 eam
1458 1404 1613 1428 causam

147 1458 237 1496 satis
259 1459 499 1496 verisimilem
531 1459 622 1496 mihi
644 1460 772 1496 videre
800 1459 942 1503 videor,
977 1457 1081 1507 quod
1106 1463 1243 1494 auctor
1263 1457 1340 1501 ille,
1377 1456 1615 1506 quicumque

146 1522 301 1560 demum
323 1522 353 1559 is
374 1523 503 1569 fuerit,
534 1523 659 1561 Balbo
690 1524 897 1574 prologum
927 1536 1037 1560 suum
1059 1521 1312 1570 inscripserit.
1368 1521 1489 1557 Erant
1514 1519 1615 1556 enim

147 1599 236 1624 sane
269 1588 425 1637 Oppius
457 1595 575 1638 atque
606 1588 750 1626 Balbus
785 1587 1070 1626 necessitudine
1091 1586 1234 1636 aliqua,
1269 1597 1386 1635 quam
1408 1584 1616 1628 nescimus,

149 1657 192 1688 ut
221 1651 388 1697 videtur,
432 1652 596 1690 invicem
628 1652 966 1702 conjunctissimi:
1008 1651 1106 1689 forte
1140 1649 1257 1688 officii
1287 1649 1454 1698 alicujus
1485 1660 1617 1691 causa,

151 1714 352 1764 utriusque
386 1728 490 1752 curae
525 1729 548 1753 a
578 1716 731 1754 Caesare
763 1716 912 1754 crediti.
971 1716 1086 1754 Certe
1121 1714 1273 1763 utrique
1296 1713 1502 1763 inscriptas
1521 1725 1617 1749 non-

151 1777 274 1815 nullas
293 1779 476 1829 epistolas
504 1779 669 1817 Caesaris
699 1780 886 1818 habemus
917 1779 1113 1828 hodieque
1148 1779 1185 1815 in
1215 1778 1312 1814 libro
1341 1776 1537 1814 Ciceronis
1568 1774 1617 1812 ad

151 1841 321 1879 Atticum
355 1853 418 1880 IX.
486 1843 534 1880 Et
563 1843 679 1881 libros
710 1844 825 1881 fuisse
858 1843 1104 1892 epistolarum
1138 1842 1186 1879 ad
1228 1847 1451 1891 utrumque,
1504 1839 1621 1877 docet

151 1905 298 1943 Gellius
320 1906 346 1944 l.
368 1917 485 1944 XVII.
520 1907 637 1945 Noct.
660 1909 782 1945 Attio.
817 1921 851 1946 c.
872 1914 911 1953 9.
945 1907 1009 1957 qui
1044 1906 1228 1944 rationem
1264 1904 1386 1948 addit,
1425 1904 1531 1953 quod
1560 1916 1619 1940 res

151 1969 235 2018 ejus
255 1970 424 2007 absentis
445 1978 639 2008 curarent.
697 1972 844 2008 Literas
876 1983 1040 2015 curasse,
1076 1969 1194 2006 docet
1224 1968 1364 2005 Cicero
1397 1967 1446 2004 ad
1481 1966 1622 2011 Quint.

156 2033 202 2070 fr.
223 2046 285 2084 ep.
312 2041 344 2072 1.
402 2035 452 2072 Se
477 2041 605 2072 autem
639 2034 740 2072 bello
771 2034 1034 2072 Alexandrino
1068 2039 1186 2083 atque
1218 2032 1403 2070 Africano
1435 2030 1620 2075 abfuisse,

156 2097 292 2135 lubens
325 2098 502 2147 agnoscit
533 2098 687 2149 Prologi
715 2105 866 2136 auctor.
925 2097 1005 2136 Sed
1036 2097 1214 2136 absentia
1248 2096 1309 2133 illa
1345 2096 1508 2134 Caesaris
1541 2100 1624 2133 erat

154 2162 191 2198 in
211 2161 356 2207 Gallia,
386 2163 415 2199 si
448 2162 600 2212 quidem
632 2176 677 2200 ex
699 2163 871 2213 epistolis
904 2176 924 2200 a
957 2163 1146 2200 Cicerone
1167 2160 1406 2200 conservatis
1439 2160 1555 2198 liceat
1575 2159 1623 2197 de

156 2225 311 2275 reliquis
332 2227 520 2275 augurari.
578 2228 767 2277 Spectant
796 2229 895 2265 enim
918 2227 993 2265 illae
1014 2226 1063 2264 ad
1098 2226 1220 2276 prima
1242 2225 1333 2262 belli
1361 2224 1482 2262 civilis
1504 2224 1622 2261 initia.

158 2290 214 2328 Ex
235 2290 293 2327 his
316 2290 432 2340 igitur
460 2290 631 2340 epistolis
652 2291 700 2330 ad
732 2293 906 2343 Oppium
927 2292 1025 2329 datis
1055 2304 1181 2328 rerum
1202 2297 1396 2339 gestarum
1419 2288 1623 2326 memorias

159 2354 333 2403 accipere
347 2354 487 2404 potuit,
509 2355 539 2391 si
561 2356 645 2405 quis
671 2356 806 2407 junior
824 2357 946 2408 Oppii
974 2356 1126 2394 nomine
1155 2355 1274 2392 libros
1309 2353 1508 2391 edidisset.
1564 2353 1625 2390 Ita

160 2417 239 2462 fiet,
271 2424 313 2454 ut
344 2418 426 2467 pari
454 2417 531 2456 fide
553 2419 680 2469 dignae
701 2421 776 2459 sint
808 2435 932 2460 rerum
956 2428 1147 2471 gestarum
1178 2419 1428 2463 narrationes,
1457 2431 1522 2455 seu
1555 2416 1625 2453 hos

158 2480 277 2517 libros
299 2480 378 2530 ipse
397 2484 560 2521 exararit
575 2486 743 2535 Oppius,
765 2499 832 2523 seu
855 2486 990 2535 junior
1009 2485 1145 2535 Oppio
1166 2483 1359 2534 quispiam
1387 2480 1585 2530 collegerit
1606 2492 1627 2516 e

161 2544 324 2582 Caesaris
344 2544 528 2594 epistolis,
550 2548 682 2597 Oppio
715 2549 908 2600 inscriptis
935 2557 1052 2598 atque
1074 2548 1210 2586 Balbo.
1266 2546 1379 2583 Certe
1400 2544 1536 2593 Oppio
1570 2555 1629 2580 res

161 2608 324 2645 Caesaris
345 2608 457 2646 etiam
479 2622 637 2647 arcanas
658 2611 775 2648 fuisse
794 2613 1131 2662 exploratissimas,
1152 2624 1198 2648 ex
1223 2622 1269 2646 eo
1289 2609 1388 2645 libro
1419 2607 1625 2657 colligitur,

162 2684 278 2722 quem
311 2672 508 2723 scripsisse
529 2679 689 2712 testatur
719 2675 896 2725 Oppium
930 2674 1136 2713 Suetonius
1169 2674 1189 2711 J
1198 2672 1249 2710 ul.
1271 2684 1358 2721 cap.
1381 2677 1447 2711 52.
1468 2677 1510 2708 ut
1537 2684 1629 2721 pro·

163 2734 272 2776 haret
304 2748 380 2774 non
409 2735 523 2775 fuisse
552 2737 714 2778 Caesaris
740 2737 877 2788 filium,
915 2752 1031 2791 quem
1059 2737 1200 2777 dixerit
1231 2736 1452 2787 Cleopatra,
1485 2748 1625 2786 nempe
