1872 3104
611 166 652 193 ο.
684 164 720 192 J.
752 162 968 192 cAEsAius
1001 162 1133 191 vri-A.
1496 153 1608 194 1943

158 263 372 297 πανοπλίαν
410 257 628 308 ἀπέρῥιψεν,
660 254 765 291 αὐτὸς
802 252 843 291 δὲ
876 256 1029 290 καθίσας
1063 253 1132 290 ὗπό
1165 250 1280 289 πόδας
1312 260 1375 289 τοῦ
1405 254 1605 303 Καίσαρος,

159 326 322 374 ἡσυχίαν
342 321 445 370 ἦγεν,
462 323 566 370 ἄχρις
585 317 627 356 οὗ
646 316 830 366 παρεδόθη
848 318 1138 368 φρουρησόμενος
1159 318 1219 352 ἐπὶ
1239 314 1303 353 τὸν
1323 315 1517 365 θρίαμβον.

654 519 689 559 C
704 518 746 559 A
761 518 812 559 Ρ.
865 517 1112 558 XXVIII.

158 632 240 662 Post
255 631 366 662 Craessi
384 631 560 662 interitum
582 629 651 672 (53.
670 639 700 660 a.
718 629 797 661 Chr.
813 629 864 668 n.)
889 630 1005 661 Caesar
1032 635 1067 660 ct
1092 628 1276 669 Pompeius
1299 627 1433 669 utrique
1449 636 1611 658 summam

201 695 311 716 rerum
329 690 546 727 appetentes,
569 686 640 725 jam
656 685 764 715 minus
780 685 914 715 occuite
938 683 1000 715 sibi
1029 684 1245 714 insidiantur.
1293 683 1389 714 Inter
1407 683 1522 713 turbas
1549 683 1612 713 rei-

199 738 344 778 publicae
362 749 518 777 summas,
534 739 664 770 Catone
681 737 843 769 suadente
861 738 1043 778 Pompeius
1060 738 1147 768 solus
1174 741 1311 767 creatur
1337 737 1468 775 consul,
1489 736 1611 777 Hispa-

199 791 288 823 niam
305 797 340 823 et
356 791 507 823 Africam
524 791 714 832 provincias
727 791 1011 831 retinerojussus.
1033 792 1101 832 (52.
1119 800 1148 820 a.
1167 789 1245 820 Chr.
1263 788 1314 829 n.)

212 897 377 947 Καίσαρι
397 896 437 934 δὲ
456 900 574 934 πάλαι
602 898 672 947 μὲν
703 895 867 934 ἐδέδοκτο
892 895 1090 933 καταλὺειν
1108 894 1319 943 Πομπήϊον,
1341 896 1462 942 ὥσπερ
1480 896 1614 944 ἀμέλει

159 962 310 1012 κὰκεῖνῳ
331 967 472 998 τοῦτον.
527 961 705 1010 Κράσσου
724 963 796 1008 γὰρ
812 961 853 997 ἐν
868 959 1029 1008 Πάρθοις
1050 960 1298 1003 ἀπολωλότος,
1321 958 1356 995 ὃς
1376 956 1422 1002 ἦν
1437 956 1585 1008 ἔφεδρος
1599 960 1609 975 ¹

159 1027 310 1073 ἀμφοῖν,
343 1026 566 1062 ἀπελείπετο
598 1028 646 1076 τῷ
677 1025 760 1074 μὲν,
798 1025 886 1074 ὑπὲρ
919 1029 980 1061 τοῦ
1014 1025 1191 1070 γένεσθαι
1224 1026 1405 1073 μεγίστῳ,
1432 1022 1496 1058 τὸν
1524 1022 1615 1058 ὅντα

161 1087 370 1132 καταλύειν,
385 1091 432 1139 τῷ
451 1087 491 1131 δ’,
512 1089 576 1124 ἵνα
596 1091 645 1138 μὴ
666 1090 761 1140 πάθῃ
783 1092 900 1132 τοῦτο,
921 1092 1172 1136 προαναιρεῖν,
1191 1087 1232 1123 ὃν
1254 1084 1440 1122 ἐδεδοίκει.
1494 1084 1616 1121 Τοῦτο

161 1149 201 1186 δὲ
232 1150 415 1202 Πομπηΐῳ
452 1152 523 1201 μὲν
557 1152 595 1197 ἐξ
624 1152 756 1198 ὀλίγου
770 1152 785 1168 ²
822 1149 1022 1200 φοβεῖσθαι
1055 1153 1232 1198 παρέστη,
1269 1152 1355 1185 τέως
1393 1150 1614 1196 ὑπερορῶντι

161 1213 362 1262 Καίσαρος,
393 1218 437 1251 ὡς
464 1218 505 1251 οὐ
536 1214 709 1265 χαλεπὸν
730 1215 852 1262 ἐ’ργον,
874 1214 917 1250 ὃν
936 1214 1042 1250 αὐτὸς
1062 1214 1206 1259 ηὔξησε,
1229 1214 1481 1256 καταλυθῆναι
1500 1211 1616 1247 πάλιν

162 1277 220 1313 ὑπ’
240 1279 362 1314 αὐτοῦ·
393 1278 544 1325 Καῖσαρ
578 1277 619 1322 δ’,
653 1279 715 1313 ἀπ’
743 1279 858 1328 ἀρχῆς
889 1278 1065 1314 ὑπόθεσιν
1095 1276 1230 1321 ταύτην
1263 1278 1520 1324 πεποιημένος,
1541 1273 1615 1311 ἀπὸ

163 1346 235 1376 τῶν
264 1341 584 1388 ἀνταγωνιστῶν,3

617 1344 737 1390 ὥσπερ
763 1343 931 1386 ἀθλητὴς,
968 1340 1099 1378 ἑαυτὸν
1131 1343 1341 1384 ἀποστήσας
1370 1340 1527 1387 μακρὰν,
1557 1338 1615 1374 καὶ

162 1408 235 1441 τοῖς
254 1403 448 1442 Κελτικοῖς
468 1406 802 1456 ἐγγυμνασάμενος
822 1407 1008 1454 πολέμοις,
1035 1406 1219 1449 ἐπήσκησε
1251 1405 1321 1452 μὲν
1349 1404 1415 1446 τὴν
1442 1400 1615 1450 δύναμιν,

163 1465 294 1513 ηὔξησε
314 1466 355 1504 δὲ
373 1470 438 1512 τὴν
458 1467 568 1513 δόξαν
601 1470 674 1506 ἀπὸ
707 1476 778 1506 τῶν
808 1470 938 1517 ἔργων,
975 1470 1025 1505 εἷς
1054 1470 1263 1504 ἀντίπαλον
1281 1467 1400 1515 ἀρθεὶς
1420 1470 1494 1502 τοῖς
1512 1463 1619 1514 Πομ-

166 1530 303 1576 minu*
335 1534 601 1581 κατορθώμασι,
622 1531 833 1581 λαμβάνων
853 1533 1063 1582 προφάσεις,
1085 1533 1147 1568 τὰς
1171 1532 1242 1581 μὲν
1263 1532 1371 1567 αὐτοῦ
1400 1527 1618 1579 Πομπηΐου,

164 1598 227 1633 τὰς
247 1594 289 1632 δὲ
309 1602 381 1633 τῶν
401 1603 532 1644 καιρῶν
552 1595 785 1642 ἐνδιδόντων,
807 1599 866 1633 καὶ
886 1602 945 1639 τῆς
965 1597 1006 1632 έν
1032 1595 1154 1647 Ῥώμῃ
1175 1595 1464 1636 κακοπολιτείας,
1499 1591 1544 1628 δι’
1571 1595 1618 1636 ἢν

166 1659 199 1694 οἱ
230 1659 302 1709 μὲν
320 1661 437 1709 ἀρχὰς
468 1662 668 1709 μετιόντες,
698 1661 738 1697 έν
771 1664 871 1710 μέσῳ
906 1662 1056 1709 θέμενοι
1088 1659 1286 1707 τραπέὲας,
1309 1655 1491 1695 ἑδέκαέον
1510 1656 1620 1691 ἀναυ-

168 1721 331 1772 σχὺντως
358 1725 403 1759 τὰ
434 1724 568 1767 πλήθη,
603 1723 728 1775 κατῄει
760 1722 788 1760 δ’
819 1724 837 1759 ὁ
870 1721 981 1772 δῆμος
1008 1723 1196 1772 ἔμμισθος,
1225 1722 1267 1757 οἱ]
1298 1720 1427 1770 ψήφοις
1446 1719 1536 1767 ὑπὲρ
1556 1724 1620 1755 τοῦ

1544 1779 1619 1818 Αἵ-

169 1864 259 1898 ματι
293 1848 334 1886 δὲ
365 1851 424 1885 καὶ
459 1856 595 1897 νεκροῖς
614 1853 792 1887 πολλάκις
811 1849 1058 1900 αἰσχύναντες
1095 1848 1134 1885 τὸ
1170 1846 1276 1896 βῆμα
1301 1844 1548 1893 διεκρίθησαν,
1579 1844 1622 1879 ἐν

167 1782 374 1830 δεδωκότος,
396 1788 497 1823 ἀλλὰ
515 1790 625 1831 τόξοις
652 1789 708 1823 καὶ
738 1790 856 1837 ξίφεσι
886 1787 945 1822 καὶ
980 1783 1199 1836 σφενδόναις
1218 1783 1488 1832 ἁμιλλώμενος.

167 1913 335 1963 ἀναρχίᾳ
352 1916 418 1958 τὴν
438 1916 561 1959 πόλιν,
584 1916 704 1963 ὥσπερ
737 1911 988 1961 ἀκυβέρνητον
1002 1911 1014 1931 ⁵
1050 1912 1336 1962 ὑποφερομένην,
1363 1909 1622 1945 ἀπολιπόντες·

822 2019 962 2051 NOTAE

170 2092 312 2123 Caesaris
328 2093 361 2123 in
385 2094 498 2126 Gallia
513 2099 638 2135 gestas,
654 2106 736 2137 quas
751 2105 867 2127 omnes

171 2142 372 2173 Plutarchus
394 2144 527 2175 silentio
543 2146 722 2185 praeteriit,
736 2146 813 2177 vide
832 2146 868 2177 in

169 2192 308 2233 (Hirtii)
323 2193 409 2224 fibro
426 2203 508 2225 vm.
526 2195 568 2226 de
585 2195 673 2226 beno
689 2197 834 2228 Gallico.

922 2103 1015 2125 cesse
1030 2101 1096 2124 non
1112 2094 1178 2129 est,
1190 2094 1229 2121 ut
1243 2088 1400 2120 addatur.

965 2147 984 2175 3
1014 2141 1091 2174 Ἀπὸ
1116 2143 1178 2171 τῶν
1203 2138 1453 2179 ἀνταγωνιστῶν]
1496 2137 1625 2169 Reiske

923 2194 1021 2226 dedit
1047 2204 1090 2225 ex
1116 2192 1311 2233 conjectura
1335 2199 1399 2231 pro
1416 2187 1464 2219 ἐπὶ
1479 2189 1541 2219 τῶν
1555 2188 1624 2219 ἀντ.

924 2246 997 2285 Ego
1027 2253 1104 2275 cum
1134 2242 1255 2273 Solano
1281 2251 1324 2271 ex
1352 2239 1485 2270 duobus
1515 2238 1626 2270 eodd.

215 2296 229 2324 1
251 2293 412 2336 Ἔφεδρος]
449 2295 495 2326 Η.
511 2305 542 2327 e.
558 2296 691 2327 Caesare
707 2306 870 2328 summam

171 2352 282 2374 rerum
298 2349 500 2384 occupante,
528 2346 691 2385 Pompeio
717 2356 754 2377 se
778 2346 870 2376 vide-

172 2392 274 2423 batur
287 2393 506 2433 adjuncturus
521 2400 556 2425 et
573 2395 646 2426 vice
662 2405 770 2428 versa.
800 2396 870 2426 Ita-

174 2452 251 2484 que,
266 2443 424 2483 quamdiu
440 2444 582 2481 viveret,
605 2445 737 2477 δεδιότες
758 2447 873 2477 ἐκεῖνον

173 2492 351 2533 ἀμφότεροι,
359 2494 424 2524 τοῖς
434 2493 506 2534 πρὸς
516 2494 674 2532 ἀλλήλους
684 2495 874 2535 ἁμωσγέπως

175 2542 315 2582 ἐνέμενον
328 2543 463 2583 δικαίοις,
490 2550 528 2575 ut
555 2545 602 2576 ait
628 2546 723 2576 Plut.
750 2546 872 2586 Pomp.

173 2605 205 2626 c.
227 2598 280 2626 53.

218 2648 238 2676 2
259 2645 310 2684 Ἐξ
323 2643 446 2687 ὀλίγου]
488 2646 545 2676 Se.
564 2644 687 2684 χρόνου.
732 2645 815 2675 Mox
832 2644 875 2675 ad

177 2694 280 2736 ἔργον,
292 2695 520 2737 supplendum
547 2700 600 2727 est
628 2695 675 2736 δν,
701 2694 791 2736 quod
817 2704 874 2725 ne-

923 2295 1112 2335 reciperem
1128 2291 1177 2322 ἐπὶ
1191 2291 1247 2322 τὸν
1261 2288 1503 2329 ἀνταγωνιστήν.

967 2349 987 2377 4
1010 2342 1183 2383 Πομπηΐου]
1227 2342 1368 2373 Mallem
1392 2338 1434 2370 εἰς
1457 2337 1627 2369 ἀντίπαλον

924 2393 1084 2434 Πομπηΐου
1108 2393 1208 2433 ἀρθεὶς
1231 2392 1296 2422 τοῖς
1317 2388 1541 2430 κατορθώμασι,
1558 2387 1626 2418 suis

926 2447 1026 2477 rebus
1043 2445 1158 2486 gestis.

969 2500 987 2526 5
1018 2492 1256 2534 Ἀκυβέρνητον]
1301 2488 1507 2530 Respublica
1535 2496 1628 2528 saepe

927 2555 1004 2576 eum
1020 2545 1098 2575 navi
1114 2546 1354 2583 comparatur3
1377 2548 1419 2569 ne
1435 2537 1536 2578 igitur
1551 2546 1629 2568 cum

928 2594 1066 2625 Reiskio
1090 2595 1206 2634 legere
1229 2591 1314 2622 velis
1339 2589 1441 2628 ὥσπερ
1463 2587 1536 2619 ναῦν
1556 2585 1628 2618 ἂκυ-

927 2643 1088 2686 βέρνητον.
