1872 3104
702 196 1039 233 orssssn'm'rro.
1486 187 1598 235 1901

138 308 306 359 loquitur
324 305 484 350 Hirtius,
505 314 593 341 cum
613 300 706 339 illud
734 301 912 339 editionis
933 299 1135 338 consilium
1162 299 1350 350 agnoscit,
1381 305 1528 340 tantum
1550 317 1597 342 ne

139 372 298 411 scientia
332 375 523 408 tantarum
563 376 689 403 rerum
725 365 977 414 scriptoribus
1016 364 1180 402 deesset.
1251 364 1484 413 Exprimunt
1513 366 1598 404 haec

139 437 254 474 ‚verba
291 433 451 471 Caesaris
485 430 612 480 potius
645 429 693 466 de
733 429 810 464 suis
847 429 1000 478 scriptis
1035 427 1180 477 agentis
1207 426 1449 472 modestiam,
1479 441 1596 478 quam

138 497 248 535 Hirtii
274 497 320 534 de
351 494 481 533 iisdem
515 492 823 532 admirationem.
898 492 1008 529 Idem
1040 492 1194 541 Prologi
1224 498 1361 529 auctor
1399 492 1597 529 novissime

138 560 360 611 imperfecta
396 559 444 596 ab
469 559 580 596 rebus
607 560 730 609 gestis
749 557 999 596 Alexandriae
1025 556 1078 595 ad
1089 555 1217 608 finem
1244 560 1334 594 vitae
1366 556 1532 594 Caesaris
1562 569 1598 593 se

137 624 340 673 conjecisse
359 629 536 661 testatur.
593 623 756 661 Proinde
771 625 854 672 jam
877 635 953 660 una
974 635 1060 659 cum
1086 621 1249 671 Prologo
1271 621 1389 658 libros
1412 633 1501 658 suos
1515 621 1598 670 jam

135 687 287 738 penitus
307 687 506 725 confectos
527 686 576 723 de
609 687 715 724 bello*
730 685 1004 732 Alexandrino,
1027 685 1225 730 Africano,
1256 692 1392 723 auctor
1421 685 1598 723 emiserit.

135 752 258 790 Immo
278 750 325 788 de
348 750 446 788 bello
466 750 578 788 etiam
607 750 830 800 Hispanico,
867 753 1105 799 (quanquam
1125 749 1228 786 illius
1259 749 1297 785 in
1329 749 1494 799 Prologo
1521 762 1598 787 non

135 814 365 861 meminerit)
393 814 499 864 quod
535 813 760 864 praedictam
798 814 1000 864 epocham,
1035 827 1122 864 quae
1160 813 1207 850 ad
1241 812 1401 850 Caesaris
1436 820 1595 851 mortem

136 892 259 929 usque
275 879 445 930 pertigit,
465 879 539 917 hoc
561 891 716 929 quoque
740 880 883 918 bellurn
904 878 1162 916 antecesserit.

204 997 369 1035 Librum
390 998 522 1036 Hirtii
541 998 586 1036 de
608 997 702 1036 bello
722 997 916 1048 Africano
937 996 1068 1034 multis
1083 1001 1175 1046 post
1194 995 1372 1034 Hirtium
1391 996 1545 1034 saeculis

499 1062 750 1112 interpolavit
770 1062 903 1100 Julius
912 1062 1088 1112 sortasse
1113 1061 1255 1099 Celsus.

189 1136 236 1174 Et
251 1142 392 1181 tamen,
414 1143 556 1187 praeter
576 1137 755 1182 Hirtium,
782 1137 898 1174 alium
921 1136 1056 1174 saltem
1077 1136 1193 1174 fuisse
1213 1142 1345 1174 censet
1366 1142 1508 1182 noster,
1531 1135 1599 1186 qui

134 1200 301 1238 ,Caesaris
321 1200 462 1251 scripta
481 1201 530 1238 ad
552 1201 726 1251 ejusdem
747 1201 894 1239 caedem
917 1201 1166 1251 suppleverit.
1207 1201 1267 1238 Ita
1288 1208 1391 1238 certe
1411 1200 1597 1248 loquitur,

139 1264 249 1314 quasi
269 1265 405 1302 saltem
425 1278 500 1304 uno
520 1266 649 1316 plures
671 1267 744 1304 hoc
766 1265 868 1304 idem
898 1265 1068 1303 officium
1098 1264 1360 1315 praestiterint.
1417 1265 1600 1308 Quonam

137 1340 228 1366 vero
245 1328 282 1365 id
304 1335 423 1378 pacto
442 1342 573 1367 verum
593 1343 674 1367 esse
696 1331 836 1380 potuit,
855 1329 1044 1379 siquidem
1062 1329 1109 1366 ad
1131 1329 1254 1379 ipsam
1269 1328 1432 1366 Caesaris
1451 1327 1598 1366 caedem

136 1405 196 1429 res
225 1398 350 1442 gestas
380 1394 544 1430 Caesaris
577 1394 798 1443 perduxerit
830 1394 1001 1431 Hirtius?
1035 1394 1200 1442 Nempe,
1235 1400 1277 1430 ut
1310 1393 1457 1442 opinor,
1491 1391 1598 1441 quod

137 1458 182 1493 A.
206 1455 322 1493 Hirtii
341 1456 523 1498 nonnulla
542 1457 736 1506 perierint,
758 1458 936 1507 suppleta
968 1470 989 1494 a
1014 1458 1114 1494 Julio
1135 1457 1262 1501 Celso,
1289 1456 1600 1505 alienissimaque

135 1520 187 1561 ab
208 1519 322 1557 Hirtii
340 1527 467 1558 mente
494 1521 680 1558 sententia
705 1520 949 1569 interpolata.
1012 1521 1118 1557 Bello
1147 1527 1250 1557 certe
1270 1519 1452 1557 Africano
1481 1526 1600 1570 atque

139 1584 348 1634 Hispanico
381 1585 503 1622 multa
529 1585 701 1636 legimus,
737 1598 825 1635 quae
860 1585 923 1622 vix
960 1586 1045 1629 aevi,
1086 1598 1164 1635 quo
1192 1584 1285 1622 vixit
1323 1584 1485 1629 Hirtius,
1519 1597 1600 1621 esse

136 1649 342 1698 potuerint,
380 1649 523 1687 nedum
558 1650 680 1700 ipsius
712 1650 841 1687 Hirtii.
901 1651 950 1687 Et
987 1656 1114 1692 tamen
1147 1648 1230 1687 vice
1260 1661 1368 1686 versa
1399 1648 1599 1693 nonnulla,

141 1725 228 1761 quae
259 1725 433 1749 coaevum
456 1713 593 1763 stylum
615 1713 777 1763 sapiant,
800 1726 872 1751 non
891 1720 1020 1750 autem
1040 1713 1161 1758 illum,
1185 1713 1250 1763 qui
1277 1726 1296 1749 a
1312 1712 1467 1762 juniore
1487 1712 1602 1749 fuerit

139 1776 423 1824 interpolatore.
482 1777 543 1814 Ab
565 1777 677 1815 Hirtii
696 1778 811 1815 etiam
833 1778 892 1815 vel
912 1784 1023 1815 aetate
1049 1778 1085 1814 in
1106 1777 1205 1814 libro
1225 1776 1273 1813 de
1296 1776 1397 1813 bello
1418 1776 1601 1820 Africano

140 1839 322 1877 abhorret
342 1853 433 1877 usus
455 1841 561 1877 vocis
579 1843 801 1891 imperator,
829 1853 907 1891 quo
927 1853 1028 1890 saepe
1049 1839 1307 1889 disceptatum
1338 1839 1431 1876 dicit
1452 1846 1600 1883 auctor,

140 1903 225 1954 quis
255 1910 356 1941 esset
386 1918 454 1954 pro
484 1906 620 1955 populi
642 1906 805 1943 Romani
839 1907 1065 1955 imperatore
1094 1903 1373 1954 agnoscendus,
1393 1905 1524 1941 Caesar
1550 1916 1600 1941 an

138 1967 288 2017 Scipio.
347 1967 469 2012 Quasi
502 1968 677 2006 nimirum
715 1969 849 2006 unicus
881 1974 979 2006 esset
1013 1968 1149 2018 populi
1169 1967 1344 2013 Romani,
1376 1973 1417 2005 ut
1450 1974 1598 2017 postea,

140 2031 360 2081 imperator,
384 2032 450 2081 qui
470 2032 522 2069 rei
543 2045 699 2070 summae
713 2040 909 2083 praeesset.
943 2033 1030 2070 Hoc
1051 2038 1179 2070 autem
1201 2032 1341 2069 saeculo
1356 2032 1422 2081 qui
1442 2031 1599 2081 singulis

142 2095 328 2142 Romanae
349 2095 505 2133 ditionis
532 2096 740 2145 provinciis
774 2103 967 2146 praeerant
995 2109 1083 2133 cum
1113 2096 1285 2145 imperio,
1306 2108 1372 2132 seu
1394 2108 1483 2132 cum
1510 2095 1600 2144 jure

141 2158 274 2208 gladii,
296 2159 318 2195 ii
348 2159 595 2208 imperatores
624 2160 881 2198 habebantur.
939 2160 1012 2197 Vix
1045 2166 1171 2196 tamen
1205 2160 1259 2196 ita
1288 2158 1600 2208 appellabantur,

139 2221 208 2258 nisi
229 2222 280 2259 ob
301 2236 358 2259 res
379 2230 505 2271 gestas
535 2225 781 2273 imperatores
802 2225 850 2262 ab
880 2224 1048 2261 exercitu
1069 2223 1228 2260 fuissent
1260 2222 1476 2260 acclamati.
1536 2222 1600 2260 Sic

140 2291 268 2322 autem
305 2286 496 2324 Caesarem
530 2288 796 2338 imperatorem
827 2301 872 2334 ne
907 2287 1061 2338 quidem
1092 2294 1272 2338 poterant
1310 2299 1448 2337 negare
1486 2287 1602 2323 Poma

141 2348 281 2399 poiani,
302 2351 364 2387 cui
385 2350 578 2388 dictatura
604 2352 728 2390 fuerat
756 2366 776 2389 e
805 2352 990 2390 sententia
1011 2354 1174 2389 Senatus
1191 2352 1404 2402 populique
1434 2349 1601 2387 Romani

141 2411 287 2456 delata;
320 2414 464 2464 quippe
485 2417 599 2452 etiam
619 2416 667 2452 ab
689 2415 855 2453 exercitu
877 2417 1082 2465 imperator
1103 2415 1234 2453 fuisset
1253 2415 1481 2465 appellatus.
1522 2413 1600 2451 Sed

141 2489 212 2513 nec
233 2476 325 2512 illud
349 2479 471 2514 coaevi
507 2479 622 2516 fuisse
644 2479 808 2525 videtur,
827 2480 933 2530 quod
956 2493 1097 2524 mense,
1120 2493 1198 2529 quo
1224 2481 1353 2516 Caesar
1371 2479 1408 2514 iu
1430 2477 1599 2514 Africam

141 2539 305 2590 appulit,
326 2540 522 2585 Januario,
553 2543 687 2579 scribit
713 2552 848 2592 auctor
867 2556 937 2593 per
965 2544 1051 2580 anni
1085 2550 1235 2592 tempus
1266 2544 1300 2578 iu
1334 2541 1428 2577 mari
1457 2540 1599 2576 classes

143 2603 222 2640 sine
243 2604 418 2652 periculo
441 2604 567 2654 vagari
588 2618 662 2641 non
684 2607 865 2654 potuisse.
923 2607 1107 2642 Octobris
1127 2607 1227 2642 euim
1249 2604 1388 2641 Juliani
1408 2603 1469 2639 (lie
1491 2613 1599 2649 xnl.

143 2667 258 2716 coepit
270 2667 360 2705 anni
373 2668 608 2704 confusionis
623 2674 714 2712 708.
731 2669 792 2704 ille
804 2669 1021 2712 Jauuarius,
1035 2667 1204 2716 exiitque
1218 2673 1306 2703 aute
1328 2666 1430 2703 Νῦν.
1445 2676 1598 2714 XLquo

145 2729 248 2769 haedi
275 2731 509 2778 oriebantur,
542 2745 619 2782 quo
658 2739 745 2770 ortu
784 2731 903 2782 coepit
936 2731 1087 2782 epocha
1123 2731 1233 2769 maris
1272 2729 1407 2768 clausi.
1481 2729 1598 2774 Quod
