1872 3104
313 357 760 408 TESTIMONIA
790 360 1196 410 CLARORUM
1236 363 1571 414 VIRORUM

476 487 615 543 DE
664 488 978 545 JULIO
1040 487 1404 563 CELSO,

629 622 840 656 EJUSQUE
865 625 1251 657 (ΞΟΜΜΕΧΤΑΠῙΙΞ.

758 766 1121 775 -ῂ--ῳῄ-

203 864 469 913 SPECULUM
514 869 720 906 Historiale
773 870 960 908 vincentii
991 871 1267 909 Bellovaeensis
1312 886 1377 910 seu
1421 875 1667 914 Reluaceusis

205 934 392 984 Episcopi
422 935 504 984 (qui
534 933 663 972 floruit
693 935 795 971 circa
825 936 978 971 Annum
1005 939 1120 982 1210)
1152 937 1321 987 impress.
1356 936 1521 975 Venetiis
1554 946 1664 984 1494.

207 997 294 1034 Fol.
325 998 495 1047 Antiqua
518 998 632 1035 Dicta
666 998 830 1034 Moralia
851 998 955 1034 ‚Iulii
978 999 1076 1035 Celsi
1097 1000 1280 1037 continet.
1313 1000 1396 1037 Lib.
1420 1012 1480 1037 vl.
1503 1007 1538 1039 5.
1573 1002 1668 1040 Alia

203 1060 326 1097 multa
355 1060 400 1098 cle
436 1060 552 1097 Bello
593 1061 759 1097 Coesaris
799 1062 978 1098 narrarit
1015 1062 1174 1100 Orosius
1207 1069 1242 1100 et
1278 1064 1411 1102 Julius
1444 1064 1586 1110 Celsus,
1621 1079 1665 1103 ez

204 1124 342 1173 quibus
360 1124 479 1160 multa
499 1130 716 1175 sequuntur
737 1130 938 1175 ‹·1c(¹7·])la,·
968 1139 1055 1175 quae
1076 1128 1247 1165 consulat
1270 1128 1421 1165 Lector.

258 1253 483 1302 Fragmenta
516 1253 579 1289 illa
608 1253 712 1291 ,Iulii
744 1254 844 1292 Celsi
876 1268 898 1292 a
931 1256 1133 1293 Vincentio
1161 1262 1382 1301 memorata,
1412 1256 1441 1292 si
1471 1256 1507 1292 in
1533 1261 1665 1293 nostro

202 1318 374 1353 Auctore
395 1317 646 1365 reperiantur,
667 1317 816 1354 Graevii
835 1320 1071 1367 conjecturae
1092 1319 1215 1355 minus
1231 1318 1404 1357 faverent
1424 1318 1472 1356 (le
1492 1325 1666 1369 tempore

202 1379 408 1429 Scriptoris
429 1380 567 1417 horum
588 1381 964 1426 commentariorum,
995 1382 1061 1431 qui
1082 1382 1264 1420 saeculum
1290 1382 1415 1419 minus
1446 1383 1666 1430 barbarum,

202 1443 426 1492 stylumque
463 1443 565 1480 haud
604 1445 842 1481 cucullatum
875 1446 1043 1494 sapiunt,
1083 1446 1171 1482 licet
1200 1446 1398 1483 verisimile
1429 1446 1477 1483 sit
1518 1446 1665 1483 Celsum

202 1512 376 1543 nostrum
396 1507 588 1556 aliquibus
604 1508 641 1544 iu
662 1509 756 1546 locis
778 1516 1002 1559 corruptum
1019 1516 1086 1547 aut
1101 1510 1371 1560 interpolatum
1392 1510 1521 1548 fuisse.
1553 1511 1666 1549 Sicut

198 1570 324 1620 ipsum
367 1569 568 1615 Coesarem,
612 1578 757 1609 veteres
795 1572 872 1610 sere
920 1573 1124 1617 universos,
1168 1574 1323 1621 (poetas
1363 1587 1452 1612 vero
1495 1575 1662 1612 omnium

199 1633 373 1680 minime)
407 1635 610 1674 Lectorum
631 1642 669 1673 et
699 1636 921 1674 Scribarum
956 1650 1074 1674 more.
1132 1638 1284 1675 Saeculo
1310 1638 1407 1675 forte
1439 1639 1572 1688 quinto
1602 1639 1663 1676 vel

198 1704 309 1736 sexto
339 1698 468 1736 floruit
491 1698 620 1737 Celsus
650 1707 792 1745 noster,
818 1714 904 1739 nam
935 1701 972 1738 in
1003 1700 1208 1740 codicibus
1236 1702 1509 1751 antiquissimis
1528 1702 1662 1740 Julius

199 1762 330 1800 Celsus
350 1763 630 1801 Constantinus
650 1769 685 1802 et
711 1764 1170 1816 Constantinopolitanus
1198 1766 1392 1810 scribitur,
1413 1773 1451 1804 et
1476 1767 1513 1803 in
1535 1767 1658 1804 omui—

200 1826 272 1863 bus
303 1827 379 1864 sere
416 1828 515 1865 [Uss.
549 1827 582 1865 C
616 1827 658 1865 C.
691 1829 860 1867 Caesaris
890 1830 1145 1868 Commentar.
1167 1837 1273 1868 extat
1298 1844 1435 1868 nomen
1455 1831 1561 1880 ejus;
1604 1830 1659 1867 in-

196 1890 317 1927 valuit
347 1890 448 1927 enirn
478 1892 719 1929 consuetudo
751 1893 1043 1931 clarissimorum
1074 1895 1241 1932 virorum
1277 1894 1452 1932 lectionis
1491 1894 1663 1932 testimo-

199 1953 305 1991 nium
343 1954 450 1991 libris
484 1955 690 2001 ascribere,
741 1963 781 1993 ut
820 1956 916 1993 fides
956 1958 1169 1995 emtoribus
1212 1965 1250 1996 et
1289 1957 1498 1995 lectoribus
1540 1957 1660 2004 fieret,

197 2031 274 2055 non
294 2018 518 2055 mendosum
538 2032 621 2056 esse
642 2018 818 2056 codicem
840 2021 906 2070 qui
926 2033 948 2057 a
978 2027 1084 2058 tanto
1105 2022 1186 2060 viro
1215 2021 1349 2059 fuisset
1368 2022 1573 2072 perlectus,
1604 2035 1660 2060 re—

196 2082 374 2126 censitus,
414 2082 473 2119 vel
504 2082 752 2129 emendatus;
806 2084 910 2134 quod
941 2092 1079 2135 postea
1110 2087 1465 2137 Typographorum
1503 2086 1660 2124 nomina

201 2147 376 2196 supplere
399 2146 589 2184 solebant.

250 2274 460 2312 Gualterus
490 2275 661 2314 Burleus
686 2275 846 2328 Anglus
872 2278 956 2328 (qui
988 2277 1118 2317 floruit
1151 2279 1255 2316 circa
1281 2282 1434 2317 Annum
1462 2278 1578 2322 1230)
1605 2278 1653 2315 dc

194 2337 280 2374 vilis
300 2337 637 2389 Philosophorum.
697 2342 850 2385 Quarto
873 2342 1055 2393 Impress.
1077 2342 1247 2381 Lovam‘i
1270 2345 1384 2385 1474.
1405 2355 1427 2379 a
1446 2341 1589 2380 dolum.
1612 2342 1656 2379 de

196 2398 407 2451 Westfalia.
429 2408 504 2440 eta
524 2403 642 2441 .Ῐοαη.
667 2404 801 2442 Horne
822 2412 881 2444 ter
901 2407 1007 2444 Ann.
1033 2411 1149 2449 1472.

247 2465 307 2502 De
327 2466 438 2504 Julio
454 2467 786 2519 Historiographo,
804 2482 840 2506 c.
868 2476 955 2508 104.

245 2592 378 2631 Julius
427 2594 556 2633 Celsus
605 2595 950 2647 Historiographus
1002 2597 1156 2647 scripsit
1215 2596 1417 2648 diligenter
1454 2595 1502 2633 de
1543 2596 1651 2633 Bello

196 2656 359 2694 Caesaris
380 2657 548 2704 Librum,
571 2672 684 2709 quein
703 2660 740 2696 in
761 2670 804 2697 v.
827 2660 962 2702 Libros
983 2659 1177 2699 distinxit:
1200 2661 1238 2698 iu
1254 2661 1392 2711 quibus
1413 2659 1528 2696 multa
1560 2659 1655 2695 doc-

191 2719 340 2758 trinalia
369 2720 554 2760 mirabilia
583 2723 841 2770 continentur,
880 2738 926 2762 ex
961 2725 1103 2775 quibus
1135 2737 1259 2775 pauca
1293 2724 1354 2761 hic
1386 2723 1512 2774 posita
1546 2730 1647 2761 sunt.
