1872 3104
641 201 801 233 1NDEx
837 200 1175 231 LATleTATffi.

162 301 235 332 Ad.-
266 304 365 331 notun
394 298 435 328 ad
459 295 734 336 mma-peditus,
766 295 855 336 quod

201 343 244 374 ad
257 350 348 373 utam
365 339 487 371 attinet
500 338 532 369 G
549 337 595 375 iv,
611 341 664 368 25.
706 338 746 368 ad
759 348 855 378 spem,

200 385 289 426 quod
305 383 346 414 ad
363 391 434 413 eam
453 381 578 411 attinet
595 380 621 411 C
640 380 664 419 i,
692 383 743 411 29.
791 381 857 410 nul-

199 429 262 458 lum
275 430 392 465 tempm
405 423 628 453 intermittitur
649 424 689 453 ad
712 422 856 461 lahorem,

199 478 265 510 quo
297 477 362 498 non
392 466 484 496 labor
512 464 571 496 fiat
602 465 632 496 G
663 475 695 503 v,
722 468 774 504 11,
802 469 855 496 40.

197 510 409 559 impedimento
446 512 491 538 est
527 510 568 538 ad
601 518 749 549 pugnum,
792 518 856 549 quo

197 561 303 584 minus
320 553 451 591 possint
470 561 619 591 pugnare
638 550 670 581 G
687 551 709 589 i,
725 553 778 581 25.
816 551 858 580 ad

196 604 352 625 numerum
382 594 655 634 (praescriptum)
686 593 717 624 G
744 602 777 632 v,
802 595 855 623 20.

194 646 257 668 esse
293 638 333 667 ad
357 636 479 675 (apud)
515 637 647 676 aliquem
684 636 716 667 G
752 636 774 674 i,
802 638 855 666 31.

197 679 253 710 ubi
270 679 475 719 interpretes
493 679 599 709 multa
617 678 772 718 exempla
789 679 856 709 col-

195 722 361 761 legerunt.
411 722 546 759 Legatus
575 723 614 752 ad
643 721 767 762 (apud)
796 732 858 751 om-

193 774 249 796 ues
276 768 402 795 sanctus
431 764 652 804 inviolatusque
684 764 716 794 G
747 764 795 801 iii,
826 766 857 794 9.

193 816 309 846 magna
337 808 438 847 opinio
466 808 506 837 ud
530 807 653 846 (apud)
675 816 778 837 omnes
804 816 858 836 nu-

192 850 297 880 tiones
322 849 352 879 G
381 849 425 886 iv,
455 852 504 879 16.
550 850 638 880 electi
663 851 703 879 ad
723 849 858 889 pernici-

196 895 304 930 tatem,
333 896 475 932 propter
506 901 592 930 eam,
624 893 754 922 ratione
786 891 857 931 ejus

195 934 310 965 habita
343 935 369 965 C
397 934 444 972 iii,
468 937 519 965 84.
565 936 604 965 ad
629 935 709 964 huuc
737 934 857 964 modum

196 977 291 1008 locuti
312 980 384 1007 sunt
409 977 441 1008 G
466 977 500 1015 ii,
521 979 575 1007 31.
619 977 669 1014 ad,
685 975 856 1007 vocabulis

196 1029 410 1050 numerorum
446 1019 617 1058 junctum,
653 1024 704 1049 est
733 1018 858 1048 circiter

195 1062 229 1093 G
252 1061 274 1099 i,
301 1066 332 1092 5.
369 1071 494 1091 numero
515 1062 554 1091 ad
577 1061 743 1091 duodecim.
789 1059 856 1090 Sed

195 1103 351 1145 pluribus
374 1104 482 1134 modis
509 1103 658 1134 variatur
680 1103 856 1144 syntaxis:

194 1155 272 1177 nam
290 1146 320 1178 G
339 1146 361 1184 i,
392 1149 442 1177 15.
482 1147 618 1186 legitur,
641 1147 796 1186 equitatus
817 1146 858 1175 ad

192 1198 351 1220 nuinerum
389 1193 521 1229 quatuor
557 1189 706 1219 millium:
745 1197 858 1218 rursus

196 1231 229 1262 G
256 1232 291 1267 ii,
319 1234 372 1262 33.
416 1238 480 1270 est,
510 1232 618 1262 occisis
639 1232 679 1261 ad
702 1231 858 1261 hominum

193 1274 332 1305 millibus
346 1278 487 1314 quatuor,
511 1283 654 1314 quocum
692 1273 858 1305 Celiarius

195 1317 340 1347 contulit
357 1326 375 1347 e
391 1317 532 1348 Sueton.
556 1316 626 1348 Jul.
651 1326 682 1347 c.
703 1318 755 1347 20.
786 1315 858 1346 haec

196 1359 314 1397 verba,
352 1360 392 1389 ad
430 1359 544 1398 viginti
577 1359 710 1389 millibus
745 1357 859 1389 citium

194 1401 313 1432 ait-isit.
362 1402 487 1432 Rursus
512 1401 554 1432 de
581 1402 623 1431 B.
655 1402 697 1432 G.
727 1400 776 1439 iii,
805 1403 858 1431 53.

194 1443 236 1474 ad
264 1445 395 1474 duorum
425 1444 557 1474 millium
586 1454 711 1475 numero
744 1443 859 1474 cecide-

195 1489 284 1517 runt.
316 1486 383 1516 vid.
412 1485 548 1516 intt.ad
579 1486 611 1517 h.
630 1487 651 1517 Ι.
698 1487 738 1517 Iu
763 1490 859 1516 tanta

195 1529 378 1567 varietate,
404 1538 478 1569 qum
502 1529 651 1559 sermoni
672 1529 751 1559 vitae
768 1537 859 1558 com-

195 1571 304 1602 munis
329 1571 486 1609 debetur,
513 1571 597 1601 nihil
621 1575 750 1601 temere
785 1579 858 1600 cor-

196 1614 389 1654 rigendum,
411 1618 445 1644 et
460 1613 503 1644 ad
520 1618 632 1645 certas
654 1613 790 1654 regulas
807 1622 857 1643 re-

195 1656 386 1687 vocandum
406 1660 470 1686 est.

155 1698 328 1738 Adoequare
343 1698 374 1728 G
392 1699 436 1736 vi,
452 1701 501 1728 12.
525 1697 664 1728 verbum
686 1701 857 1728 neutrum.

156 1742 322 1780 Adaquare
339 1741 365 1770 (3
384 1740 406 1775 i,
421 1743 474 1771 66.
521 1747 554 1770 et
577 1739 728 1779 adaquari
744 1740 776 1770 G
791 1740 861 1778 viii,

199 1786 254 1815 41.
299 1791 360 1823 pro
376 1783 488 1823 simpl.
506 1792 643 1823 aquare.

156 1826 310 1858 Addicere
332 1825 408 1856 bona
425 1825 455 1855 in
471 1825 640 1865 publicum,
664 1824 784 1855 aerario
802 1823 860 1854 ad-

198 1868 314 1899 dicere
331 1868 358 1899 C
374 1868 408 1907 ii,
426 1871 475 1899 18.

155 1911 317 1942 Addua-we
344 1920 376 1941 se
402 1911 434 1941 in
458 1910 721 1947 consuetudinem,
744 1908 861 1940 adsue-

199 1952 316 1984 facere
343 1962 380 1983 se
407 1954 436 1984 G
456 1954 500 1991 iv,
519 1956 550 1983 l.
594 1953 661 1982 Sed
690 1952 722 1983 G
740 1952 790 1991 iii,
806 1954 858 1982 14.

197 1997 348 2027 adducere
385 2001 436 2027 est
466 1995 509 2026 ad
537 2004 572 2026 se
603 1994 750 2032 trahere,
787 2002 859 2023 rem

199 2047 316 2069 versus
345 2043 467 2078 pectus
508 2038 701 2076 incurvare,
731 2040 770 2067 ut
801 2036 860 2076 qui

201 2089 341 2111 nervum
361 2090 458 2111 arcus
481 2080 666 2111 adducunt.

159 2123 348 2162 Adequitare
361 2125 402 2153 ad
415 2124 513 2153 locum
529 2123 559 2153 G
576 2123 598 2161 i,
615 2125 667 2153 46.

159 2165 316 2195 Adhibere
331 2165 472 2204 aliquem,
489 2171 526 2196 ut
542 2165 636 2196 testis
651 2165 695 2195 sit
710 2164 742 2195 G
758 2164 781 2203 i,
806 2166 859 2194 20.

201 2206 353 2238 adhibitis
366 2207 516 2247 omnibus,
544 2217 621 2238 cum
646 2206 801 2238 omnibus
829 2206 862 2237 G

204 2249 251 2288 iv,
269 2252 321 2281 13.

161 2291 302 2331 Adigere
330 2293 426 2322 telum
454 2292 556 2332 aliquo
586 2291 614 2323 C
644 2291 692 2329 iii,
722 2294 776 2329 51,
807 2294 861 2322 56.

192 2334 332 2374 'adigere
367 2335 499 2375 aliquem
534 2333 609 2375 (ad)
635 2334 863 2373 jufflrandum,

209 2377 386 2416 postulare
412 2383 449 2409 ut
470 2378 566 2418 juret
592 2377 619 2408 C
635 2378 658 2415 i,
681 2379 733 2406 ⁷6.
758 2376 794 2414 ii,
813 2379 863 2406 18.

206 2419 285 2450 Hac
304 2420 337 2450 in
352 2419 495 2451 formula
516 2419 676 2461 loquendi
692 2419 865 2449 omittitur

206 2460 278 2493 sere
305 2461 342 2491 τὸ
372 2463 425 2493 ad.
445 2463 562 2505 fistuca
593 2462 730 2503 adigere
756 2462 787 2492 G
818 2462 864 2501 iv,

206 2547 341 2585 adjicere
356 2548 450 2578 telum
465 2548 496 2578 in
514 2547 604 2578 littus
627 2547 658 2577 G
672 2546 717 2584 iv,
733 2548 784 2576 23.
810 2544 865 2576 Cf.

206 2589 242 2628 ii,
257 2592 310 2621 21.
335 2590 383 2626 iii,
402 2590 517 2630 13,14.
564 2590 597 2619 in
623 2589 674 2619 his
703 2589 786 2619 locis
801 2593 865 2625 est,

202 2632 323 2673 jacere
335 2642 442 2673 usque
461 2634 500 2663 ad
518 2637 647 2663 certum
671 2631 865 2661 terminum.

208 2675 342 2713 adjicere
362 2686 510 2715 aggerem
537 2676 576 2705 ad
600 2673 785 2705 munitiones
801 2672 868 2702 hos-

208 2718 299 2758 tium,
326 2727 404 2749 eum
431 2717 544 2750 facere
567 2725 674 2758 prope
701 2720 813 2747 castra
835 2714 868 2747 G

212 2770 242 2798 v,
257 2764 288 2792 9.
711 2772 715 2775 ·

1462 192 1608 232 xxxix

908 294 1009 325 Adire
1024 294 1055 324 iu
1072 293 1138 332 jus,
1154 291 1195 324 ad
1207 292 1441 333 magistratum
1466 295 1491 324 (ἶ
1510 295 1530 335 i,
1543 299 1595 328 87.

908 337 1025 368 Auium
1037 337 1196 375 sermonis,
1212 336 1347 366 occasio
1363 341 1398 366 et
1415 338 1512 366 venia
1530 339 1607 368 ade-

952 379 1032 409 undi
1050 380 1194 410 aiterum
1211 384 1245 409 et
1261 387 1337 408 cum
1354 387 1394 408 eo
1417 379 1611 419 colloquen-

952 422 984 451 d·
1011 422 1041 452 G
1072 431 1104 459 v,
1131 424 1184 452 41.
1229 421 1332 451 aditus
1360 421 1399 450 ad
1427 423 1610 460 conandum,

952 464 1086 494 occasio
1103 464 1130 494 C
1147 464 1170 501 i,
1194 465 1246 493 31.
1292 463 1409 493 aditum
1428 473 1486 493 non
1502 463 1612 494 habere

951 508 991 536 ad
1014 506 1156 546 aliquem,
1180 506 1278 536 nullis
1308 506 1435 536 meritis
1463 514 1546 545 esse,
1568 506 1611 536 ob

951 558 1027 589 qnae
1043 549 1175 589 precari
1189 549 1353 579 sustineas
1368 549 1399 579 G
1418 549 1441 586 i,
1454 551 1508 579 43.
1547 549 1612 578 adi-

951 594 1001 621 tus
1015 591 1285 622 commendationis
1300 592 1340 622 ad
1355 591 1498 631 aliquem,
1516 591 1614 621 venia

952 634 1112 674 adeundi,
1125 644 1228 675 seque
1242 633 1340 665 alteri
1355 632 1612 665 commendandi

953 677 980 707 C
997 676 1020 714 i,
1035 679 1087 707 74.

907 718 1064 756 AdJ'urare
1078 730 1086 749 :
1103 719 1158 749 hoc
1172 718 1295 757 adjurat
1311 719 1351 749 ad
1367 718 1442 749 illud
1458 718 1489 749 G
1510 728 1542 758 v,
1559 721 1589 749 1.

910 763 1065 799 Adlegere
1082 761 1112 793 G
1131 762 1176 800 vi,
1196 765 1247 792 13.

908 805 1118 835 Admaturare
1133 804 1164 835 G
1179 804 1237 841 vii,
1251 806 1303 834 54.

908 847 1142 877 Administrare
1170 855 1275 882 naz-cs,
1306 844 1535 885 gubernando,
1563 854 1613 876 re·

952 889 1110 928 migando
1127 888 1158 918 G
1177 889 1220 925 ἰν,
1237 891 1291 919 29.
1316 888 1344 919 C
1360 888 1410 926 iii,
1435 891 1485 918 14.
1511 887 1542 918 Α
1558 890 1612 919 21.

950 930 1171 961 administrare
1192 931 1316 960 classem
1347 930 1374 961 C
1398 929 1446 968 iii,
1478 932 1529 961 18.
1559 931 1613 961 ad-

950 973 1132 1004 ministrare
1146 973 1277 1013 imperia
1302 973 1419 1011 omnia,
1433 973 1612 1013 omniaju-

951 1015 1033 1046 bere
1057 1021 1092 1047 et
1115 1016 1324 1047 constituere
1344 1015 1375 1046 G
1401 1014 1437 1054 ii,
1452 1017 1506 1046 22.
1529 1017 1612 1046 adm.

950 1059 1074 1096 caedem,
1091 1064 1228 1098 patrare
1247 1057 1280 1088 H
1305 1060 1358 1088 36.

908 1100 1155 1132 Administratio
1185 1104 1294 1141 portus
1317 1099 1479 1131 tribuitur
1495 1099 1538 1137 εἰ,
1555 1099 1612 1140 qui

951 1149 1053 1183 portu
1071 1144 1178 1174 utitur
1194 1148 1231 1174 ut
1247 1144 1318 1173 vuit
1335 1143 1362 1173 C
1379 1142 1400 1180 i,
1417 1145 1469 1173 25-

908 1186 1087 1217 Admittere
1114 1196 1233 1226 equum,
1260 1186 1290 1215 ei
1315 1183 1415 1216 frena
1437 1184 1518 1215 dare
1535 1184 1562 1216 C
1579 1183 1615 1222 ii,

952 1231 1004 1258 34.
1049 1229 1201 1259 admissus
1217 1238 1319 1270 equus,
1337 1226 1527 1259 concitatus
1542 1227 1574 1258 G
1591 1227 1614 1266 i,

951 1273 1004 1301 22.
1028 1270 1086 1301 Af.
1099 1274 1152 1302 63.

909 1314 1083 1344 Admodum
1103 1318 1181 1345 ante
1204 1323 1421 1345 numerorum
1449 1311 1615 1344 vocabula

953 1361 1005 1386 est
1021 1356 1147 1387 circiter
1162 1356 1194 1387 G
1206 1366 1239 1394 v,
1255 1359 1308 1388 40.

910 1399 1053 1437 Adur-iri,
1067 1399 1210 1439 adgredi
1235 1399 1305 1437 Gi,
1322 1400 1374 1429 40.
1398 1397 1434 1436 ii,
1452 1400 1505 1428 11.
1550 1397 1614 1428 Est

954 1451 1104 1481 surgere,
1121 1447 1157 1472 ut
1174 1441 1319 1471 alterum
1335 1440 1486 1471 invadas.

911 1483 1115 1526 Adquiescere
1129 1484 1224 1514 alicui
1241 1483 1298 1514 Af.
1316 1486 1369 1514 10.

910 1526 1091 1556 Adsciscere
1113 1526 1173 1556 sibi
1187 1527 1282 1556 socios
1299 1525 1328 1556 G
1343 1525 1365 1564 i,
1381 1528 1411 1555 5.

910 1569 1087 1599 Auserem-e
1105 1571 1240 1608 por-tam,
1267 1567 1439 1599 custodire
1463 1565 1491 1597 C
1514 1565 1538 1606 i,
1561 1567 1614 1596 21.

955 1610 1050 1641 hinc
1078 1611 1216 1649 ibidem,
1252 1611 1357 1641 exitus
1392 1610 1526 1640 occultos
1560 1609 1615 1639 ad-

953 1662 1087 1693 servare,
1111 1653 1304 1693 observare,
1327 1663 1369 1683 ne
1392 1652 1433 1683 iis
1453 1653 1545 1682 locus
1561 1650 1617 1680 de-

953 1700 1019 1726 tur.

910 1737 1103 1776 Adspernari
1130 1747 1222 1777 pass.
1244 1736 1302 1768 Af.
1319 1739 1372 1768 93.

911 1780 1068 1810 Adi-ersus
1091 1780 1177 1810 cottis
1202 1780 1233 1811 G
1258 1780 1292 1817 ii,
1321 1782 1353 1810 8.
1397 1778 1557 1808 adrev-sum
1573 1786 1617 1813 os,

954 1831 1153 1852 conversum
1171 1822 1212 1852 ad
1228 1823 1341 1852 hostes
1359 1820 1390 1851 G
1405 1831 1439 1857 v,
1463 1823 1516 1851 35.
1561 1821 1616 1849 ad-

955 1866 1036 1895 versi
1063 1865 1274 1904 vulnerantur,
1296 1873 1332 1894 os
1358 1869 1393 1893 et
1411 1869 1530 1903 pectus
1545 1861 1616 1892 vul-

954 1912 1118 1937 nerantur
1135 1909 1165 1937 A
1182 1909 1234 1937 30.
1270 1907 1398 1936 adt-ersa
1413 1915 1488 1943 nox,
1506 1903 1613 1935 inimi·

955 1958 1006 1987 ca,
1022 1949 1193 1980 contraria
1208 1948 1354 1988 inceptis
1370 1948 1402 1978 G
1418 1947 1463 1986 iv,
1476 1949 1527 1977 28.

912 1991 1096 2029 Advertere,
1123 1991 1395 2022 animadvertere
1413 1990 1441 2020 C
1462 1990 1484 2029 i,
1498 1991 1550 2019 81.
1584 1987 1616 2019 A

955 2036 1007 2065 30.
1063 2035 1222 2064 advertere
1237 2034 1374 2064 animum
1396 2032 1471 2074 (ad)
1499 2031 1618 2072 aliquid

956 2076 988 2107 G
1005 2076 1026 2115 i,
1042 2079 1095 2108 24.
1120 2075 1172 2107 Cf.
1189 2077 1334 2107 Animus.

912 2119 1053 2159 Adytum
1069 2118 1231 2150 definitur
1248 2119 1275 2150 C
1291 2118 1341 2158 iii,
1359 2120 1431 2151 105.

912 2162 1090 2201 AEqualiter
1105 2162 1230 2192 dccliris
1245 2162 1277 2192 G
1294 2161 1330 2200 ii,
1346 2163 1398 2192 18.

912 2205 1043 2235 AEraria
1056 2208 1176 2235 sectura
1194 2205 1226 2235 G
1243 2204 1291 2242 iii,
1307 2206 1361 2235 21.

913 2247 1076 2278 AErarium
1100 2247 1238 2278 sanctius
1262 2247 1290 2278 C
1317 2246 1342 2284 i,
1363 2248 1415 2278 14.
1459 2243 1617 2284 pecunia,

955 2289 989 2319 in
1018 2300 1058 2320 eo
1089 2291 1255 2330 reposita,
1284 2288 1328 2319 ad
1355 2287 1491 2319 ultimos
1518 2295 1616 2316 casus

957 2332 1167 2363 servabatur.
1194 2332 1266 2363 Liv.
1283 2331 1390 2369 xxvii,
1406 2332 1459 2361 10.

914 2374 985 2413 ΑΞε,
1013 2375 1087 2415 ejus
1102 2385 1181 2406 usus
1198 2375 1230 2405 in
1246 2372 1454 2405 fabricandis
1475 2369 1618 2402 navibus

959 2418 991 2448 G
1017 2417 1063 2453 iv,
1093 2420 1146 2449 31.
1190 2420 1289 2448 cerata
1317 2416 1417 2453 naris,
1444 2423 1520 2454 quae
1550 2421 1619 2442 ros-

959 2464 1048 2490 trum
1065 2465 1206 2491 aeratum
1222 2459 1338 2496 habet,
1355 2462 1415 2488 aut
1441 2455 1537 2494 aereis
1553 2453 1619 2484 cla-

958 2502 1009 2533 vis
1025 2507 1218 2543 compacta,
1245 2502 1448 2540 omninoque
1466 2506 1534 2527 aere
1548 2505 1620 2544 mu-

959 2544 1043 2583 nita,
1070 2544 1216 2576 fortasse
1238 2544 1342 2574 etiam
1367 2540 1499 2572 laminis
1522 2547 1620 2570 aereis

959 2592 1055 2617 tecta
1083 2592 1146 2626 est,
1177 2592 1216 2617 ut
1244 2585 1347 2616 hodie
1378 2589 1619 2623 nonnunquam

960 2637 1067 2669 cupro
1083 2633 1247 2668 teguntur
1271 2632 1307 2658 et
1326 2625 1523 2658 muniuntur
1539 2623 1566 2655 C
1582 2623 1620 2662 ii,

961 2672 992 2701 3.
1047 2671 1170 2711 Veget.
1206 2671 1250 2702 de
1291 2679 1328 2701 re
1375 2667 1473 2700 milit.
1517 2676 1550 2706 v,
1588 2669 1619 2697 4.

963 2712 1073 2744 utilius
1091 2713 1309 2756 confinguntur
1328 2709 1479 2753 (navigia
1502 2709 1621 2742 Libur-

962 2755 1024 2797 na)
1038 2756 1132 2788 claris
1145 2756 1245 2797 aereis,
1258 2765 1347 2797 quam
1353 2753 1481 2793 ferreis.
