1872 3104
271 179 387 221 2064
719 190 973 223 RECENSUS
1008 192 1289 222 Eni'rionum

325 287 456 338 pensis
489 288 551 325 Jo.
579 288 888 327 Oweni.-Usus
914 296 972 327 est
1010 289 1190 326 Davisius
1220 289 1306 326 cod.
1329 296 1442 336 msto,
1471 296 1586 341 atque
1614 291 1722 330 editt.

327 351 439 390 Rom.
460 357 573 394 1472.
594 354 727 389 Venet.
754 358 868 391 1482.
889 360 926 390 et
948 354 1175 391 Beroaldina
1201 360 1313 392 1508.
1344 354 1502 404 aliisque
1519 355 1725 393 veteribus.

328 416 445 454 Notae
463 416 621 453 aliorum
645 423 731 454 sunt
745 424 892 454 tantum
915 418 1080 455 selectae.

275 501 325 507 --
356 478 531 516 Londini.
565 484 601 515 8.
632 479 678 516 C.
699 480 794 518 Julii
823 480 986 518 Caesaris
1022 495 1109 531 quae
1137 488 1385 526 extant‚cum
1413 481 1540 520 indice
1560 482 1729 534 locuple—

327 542 486 579 tissimo.
531 542 585 578 Ex
607 543 829 580 recensione
847 545 897 581 T.
921 546 963 581 P.
1001 547 1047 581 Α.
1071 546 1128 582 M.
1153 546 1327 591 Londini,
1356 547 1458 597 typis
1489 546 1536 583 T.
1560 547 1615 583 M.
1656 547 1731 584 lm-

333 605 462 655 pensis
491 605 594 641 Tlio.
630 605 919 656 Newborougb,
955 609 1006 646 D.
1043 607 1276 654 Midwinter,
1325 609 1433 647 Galf.
1478 609 1581 647 wale
1627 616 1666 647 et
1692 610 1729 647 J.

328 667 500 718 Hartley.

274 754 326 760 —-
356 730 535 769 Francos.
558 737 597 769 et
619 731 772 781 Lipsiae.
809 737 845 770 8.
875 746 921 770 ex
941 733 1004 770 ed.
1025 735 1106 771 Jos.
1124 736 1318 785 Scaligeri.

278 801 376 838 1710
406 794 598 844 Lugduni.
631 794 693 833 16.
723 808 787 844 ap.
812 795 908 833 Lud.
928 796 1166 842 Declaustre‚
1188 812 1235 835 ex
1255 799 1406 836 emend.
1430 801 1627 851 Scaligeri.

280 864 379 902 1712
410 858 586 895 Londini.
609 858 674 895 fol.
698 859 742 896 C.
758 859 849 896 Julii
865 859 1026 896 Caesaris
1041 871 1128 908 quae
1143 867 1287 898 extant.
1327 862 1625 900 Accuratissime
1642 876 1730 901 cum

327 921 433 959 libris
453 921 564 959 editis
585 928 622 959 et
643 923 766 959 msstis
787 922 942 972 optimis
965 923 1116 967 collata,
1138 924 1333 973 recognita
1353 931 1391 962 et
1411 931 1603 963 correcta.
1657 927 1733 963 Ac-

328 991 522 1022 cesserunt
557 985 837 1022 Annotationcs
859 986 1044 1023 Samuelis
1063 986 1214 1031 Clarke,
1237 989 1276 1025 S.
1295 989 1344 1026 T.
1369 989 1411 1026 P.
1469 991 1562 1026 ltem
1581 989 1732 1027 Indices

325 1048 511 1092 locorum,
551 1061 770 1098 rerumque,
821 1056 859 1086 et
895 1050 1096 1087 verborum
1130 1052 1336 1089 utilissimi.
1411 1053 1574 1090 Tabulis
1617 1054 1731 1091 aeneis

325 1117 473 1148 ornata.
528 1111 704 1156 Londiui,
746 1112 935 1150 sumtibus
966 1120 1005 1151 et
1042 1115 1141 1164 typis
1172 1116 1258 1153 Jac.
1285 1116 1732 1166 Tonson.—Sp1endida

326 1174 459 1212 editio.

280 1244 379 1283 1713
410 1239 590 1288 Lugduni
617 1241 703 1277 Bat.
737 1245 772 1277 8.
815 1240 861 1278 C.
889 1241 981 1278 Julii
1011 1243 1172 1280 Caesaris
1203 1255 1289 1292 quae
1320 1249 1452 1280 extant
1479 1243 1617 1287 onmia,
1641 1256 1730 1281 cum

327 1302 723 1340 animadversionibus
759 1303 878 1339 Dion.
902 1304 1039 1348 Vossii,
1075 1305 1137 1342 Jo.
1167 1305 1322 1349 Davisii,
1352 1305 1588 1355 aliorumque
1621 1305 1731 1343 variis

328 1365 442 1410 notis,
478 1371 520 1402 ut
546 1372 585 1402 et
612 1367 677 1415 qui
699 1372 856 1403 vocatur
882 1366 1007 1404 Julius
1029 1367 1163 1405 Celsus
1193 1367 1240 1405 de
1273 1368 1359 1405 Vita
1393 1375 1431 1405 et
1463 1370 1578 1406 rebus
1615 1369 1732 1419 gestis

329 1429 375 1466 C.
392 1430 429 1467 J.
447 1428 607 1466 Caesaris
639 1443 685 1466 ex
712 1443 844 1466 museo
864 1430 927 1468 Jo.
950 1431 1097 1482 Georg.
1119 1431 1279 1469 Graevii.
1318 1431 1444 1482 Lugd.
1462 1433 1548 1469 Bat.
1565 1441 1628 1482 ap.
1652 1433 1730 1470 vid.

329 1493 376 1529 C.
398 1493 656 1544 Boutensteyn
683 1501 720 1532 et
756 1496 795 1532 S.
819 1495 1070 1533 Luchtmans.
1093 1495 1266 1545 Delphis,
1287 1508 1350 1544 ap.
1386 1494 1482 1532 Adr.
1517 1496 1672 1533 Beman.
1694 1511 1730 1534 c.

329 1555 419 1605 figg.

277 1641 328 1646 ——
358 1619 511 1669 Lipsiae.
530 1625 565 1657 8.
597 1632 661 1669 ap.
684 1619 892 1659 Gleditscli
926 1628 965 1659 et
987 1621 1149 1659 Weidm.
1172 1635 1215 1658 ex
1236 1622 1297 1659 ed.
1320 1630 1356 1660 et
1378 1636 1463 1660 cum
1485 1623 1586 1660 notis
1607 1623 1734 1661 Chris-

328 1683 437 1731 toph.
459 1683 626 1719 Cellarii.

288 1747 388 1788 1716
418 1746 596 1783 Londini.
632 1753 692 1786 1‘2.
723 1747 871 1785 C.Julii
900 1748 1059 1786 Caesaris
1086 1751 1184 1786 etA.
1207 1749 1322 1786 Hirtii
1336 1749 1383 1786 (le
1397 1749 1511 1787 rebus
1530 1750 1733 1789 aC.Julio

328 1810 479 1847 Caesare
511 1810 625 1860 gestis
654 1811 931 1849 commentarii.
971 1812 1070 1849 Cum
1101 1812 1146 1849 C.
1181 1812 1270 1849 Julii
1297 1812 1457 1850 Caesaris
1495 1813 1730 1863 fragmentis.

328 1874 445 1921 (Cura
477 1875 601 1911 Mich.
625 1874 837 1921 Maittairii,
865 1875 931 1925 qui
958 1889 1005 1913 ex
1037 1875 1242 1913 Clarkiano
1285 1876 1462 1925 exemplo
1492 1890 1591 1914 varr.
1628 1877 1731 1916 lectt.

328 1946 527 1988 excerptas
544 1939 721 1987 adjecit.)
772 1940 950 1984 Londini,
972 1954 1017 1977 ex
1034 1940 1137 1977 offic.
1154 1941 1238 1977 Jac.
1259 1941 1419 1977 Tonson
1453 1947 1491 1978 et
1510 1942 1571 1978 Jo.
1593 1943 1731 1979 Watts.

283 2007 382 2045 1717
414 2002 571 2051 Lipsiae.
608 2007 644 2039 8.
676 2016 721 2039 ex
744 2015 820 2040 rec.
843 2011 878 2040 et
901 2016 988 2040 cum
1008 2004 1106 2040 notis
1129 2004 1354 2053 christoph.
1376 2004 1542 2041 Cellarii.

281 2071 379 2109 1718
410 2065 584 2113 Trajecti
604 2065 651 2102 ad
684 2065 758 2102 Rh.
792 2065 852 2104 16.
882 2066 986 2116 apud
1015 2067 1123 2105 Guil.
1144 2067 1268 2104 vande
1300 2069 1441 2112 Water,
1462 2081 1508 2104 ex
1537 2067 1732 2106 emendat.

327 2129 409 2166 Jos.
427 2128 626 2177 Scaligeri.

275 2214 327 2220 —
355 2192 647 2229 Amsteloslaini.
684 2198 747 2231 ¹24.
790 2206 834 2229 ex
857 2192 1062 2230 doctorum
1084 2193 1249 2231 virorum
1265 2193 1543 2232 emendatione.

276 2279 328 2286 --
359 2256 481 2293 Halae.
524 2261 559 2292 8.
592 2269 678 2292 cum
709 2262 788 2293 not.
810 2270 928 2305 germ.

281 2325 380 2364 1719
411 2320 586 2356 Londini.
614 2326 672 2356 12.
704 2334 749 2357 ex
771 2334 846 2357 rec.
869 2322 918 2358 T.
940 2322 981 2357 P.
1005 2323 1053 2358 A.
1076 2322 1132 2358 M.
1157 2320 1351 2371 Repetitio
1371 2320 1433 2357 ed.
1458 2319 1572 2364 1706.

281 2389 380 2427 1720
410 2383 589 2420 Londini.
632 2390 667 2419 ὃ.
708 2397 796 2420 cum
833 2383 1146 2421 annotationibus
1184 2385 1287 2422 Sam.
1311 2384 1463 2423 Clarke.
1506 2385 1639 2434 Repet.
1670 2383 1731 2421 ed.

329 2446 460 2484 Clark.
490 2452 601 2489 1712.
624 2447 699 2483 sine
720 2447 911 2484 iconibus.

282 2515 379 2553 17‘22
410 2510 566 2559 Lipsiae.
585 2517 620 2547 8.
640 2524 685 2546 cx
703 2524 778 2547 rec.
802 2511 1027 2561 Cliristopli.
1050 2511 1214 2549 Cellarii.

282 2573 381 2616 1726
413 2574 565 2624 Lip-iae.
589 2582 624 2611 ὃ.
649 2588 694 2611 ex
716 2588 792 2612 rec.
811 2576 1037 2625 Cliristopli.
1055 2575 1219 2612 Cellarii.

282 2643 378 2680 1727
411 2638 683 2687 Cantabrigiae.
716 2645 752 2676 4.
789 2641 834 2677 C.
856 2640 944 2677 Julii
983 2641 1145 2677 Caesaris
1179 2646 1217 2677 et
1249 2641 1295 2676 Α.
1338 2638 1447 2676 Hirtii
1483 2651 1570 2686 qnae
1599 2645 1732 2675 extant

331 2702 472 2738 omnia.
522 2703 728 2740 Reccnsuit
747 2716 792 2740 ac
829 2704 980 2742 selectis
1014 2704 1057 2741 P.
1081 2703 1292 2748 ciacconii,
1314 2703 1447 2740 Franc.
1483 2703 1731 2747 Ilotomanni,
