1872 3104
698 201 1038 233 nissen'rA‘rm.
1477 197 1593 239 1903

131 304 352 343 Africanum
373 302 474 340 hunc
503 298 746 348 scriptorem,
770 298 905 348 bisque
934 298 1172 348 temporibus
1194 298 1406 347 juniorem,
1427 309 1592 351 arguunt

131 374 191 407 tot
226 367 410 406 immixtae
439 376 554 400 voces
587 363 741 400 Graecae
763 368 878 412 atque
913 362 1149 399 Hellenismi.
1208 363 1287 406 Qui
1316 363 1437 400 mixto
1466 374 1593 402 essent

129 444 280 482 genere,
315 427 508 466 Hibridus
545 427 717 477 appellat
752 440 841 477 cap.
887 434 947 472 19.
1010 427 1303 477 Ilippotoxotas
1342 427 1461 464 habet
1497 427 1591 465 ibid.

135 495 327 546 Epibatas
366 504 456 541 cap.
480 497 542 530 20.
572 489 639 529 6‘2.
670 490 735 529 63.
803 490 1052 540 Catascopum
1081 504 1170 540 cap.
1203 490 1267 530 26.
1327 490 1375 528 In
1409 491 1491 529 salo
1520 504 1596 528 esse

130 558 221 598 huic
259 556 406 594 auctori
445 568 533 605 cap.
570 554 636 592 46.
675 555 740 595 6‘2.
778 554 843 594 63.
882 555 1112 592 tantundem
1149 557 1260 599 valet,
1301 554 1408 605 quod
1442 555 1596 593 Graecis

132 622 318 666 σαλεύειν,
340 627 378 658 et
407 619 660 664 διασαλεύειν,
698 625 735 657 et
765 619 813 657 de
843 619 930 657 navi
960 619 1113 664 dicitur,
1136 634 1224 670 quae
1252 620 1383 657 liberae
1405 618 1596 657 fluctuum

130 686 360 724 marinorum
393 685 590 735 agitationi
623 684 843 734 exponitur.
902 686 1001 721 Sunt
1030 684 1066 721 in
1097 684 1236 721 eodem
1267 684 1366 721 libro
1398 683 1488 729 alia,
1509 696 1595 734 quae

129 761 347 788 coaevorum
380 750 555 799 peritiam
594 748 759 799 sapiant.
818 748 1062 798 virgiliarum
1091 748 1242 798 signum
1274 747 1492 785 confectum
1523 760 1600 784 me-

131 819 254 851 morat
272 820 361 864 post
383 825 445 852 vl.
469 813 555 851 Kal.
580 813 673 850 Feb.
696 826 782 862 cap.
803 819 867 856 47.
907 826 976 863 pro
1004 826 1092 850 vero
1125 813 1274 849 scilicet
1295 811 1394 848 illius
1422 811 1511 848 anni
1533 824 1597 849 ca-

129 877 314 924 lendario,
337 891 415 927 quo
445 878 555 915 Febr.
579 888 608 914 1.
638 877 674 913 in
706 877 918 914 Novembr.
943 875 1083 913 Juliani
1112 876 1214 913 diem
1235 886 1300 913 XI.
1331 875 1599 922 conveniebat,

133 953 213 990 quo
231 941 430 979 Pleiadum
462 941 748 978 confectionem
769 940 882 977 refert
909 939 1070 976 Plinius.
1126 940 1250 977 Aliter
1270 947 1373 977 certe
1402 940 1516 977 sensit
1537 939 1600 977 hic

132 1010 281 1052 auctor,
302 1018 417 1054 quani
438 1005 703 1054 interpolator,
725 1003 790 1054 qui
811 1004 926 1041 etiam
946 1004 1169 1042 Januariuin
1191 1005 1242 1042 ab
1262 1004 1428 1042 Octobr.
1459 1004 1600 1041 Juliani

132 1068 196 1106 die
217 1080 324 1107 x111.
341 1068 583 1118 incipientem
603 1081 673 1118 per
692 1068 779 1106 anni
800 1074 954 1119 tempus
975 1069 1234 1119 periculosum
1256 1082 1338 1106 esse
1352 1068 1476 1106 voluit
1495 1067 1602 1105 navi-

133 1133 327 1183 gantibuS‚
350 1138 388 1170 et
408 1133 564 1183 quidem
584 1133 636 1171 ita
655 1133 929 1183 periculosum,
953 1140 995 1171 ut
1026 1134 1162 1172 mediis
1195 1135 1285 1172 belli
1304 1134 1459 1171 casibus
1481 1133 1600 1184 magis

133 1203 260 1235 tamen
291 1204 405 1242 esset,
428 1210 545 1247 quam
577 1197 719 1235 bellum
751 1198 888 1247 ipsum,
920 1199 1166 1236 metuendus.
1222 1200 1273 1236 Et
1307 1211 1458 1235 manum
1487 1197 1601 1234 etiam

137 1273 308 1299 coaevam
347 1262 702 1311 accuratioremque
741 1261 912 1299 indicant
950 1268 1009 1299 tot
1047 1275 1164 1300 voces
1211 1262 1403 1306 militares,
1441 1261 1602 1311 aliaeque

138 1325 342 1370 technicae,
365 1326 482 1374 magis
504 1326 566 1362 hic
589 1338 678 1362 vero
697 1326 880 1374 temporis
901 1326 1043 1364 decoro
1072 1326 1365 1376 respondentes,
1398 1338 1513 1376 quam
1535 1338 1603 1375 pro

137 1395 255 1439 captu
280 1389 445 1438 junioris
475 1389 776 1438 interpolatoris,
832 1389 993 1426 Librum
1022 1403 1112 1440 ergo
1148 1391 1259 1428 Hirtii
1293 1390 1342 1427 de
1373 1389 1476 1427 bello
1503 1388 1605 1426 Afri-

136 1465 231 1490 cano
251 1453 298 1490 ad
320 1453 414 1490 Julii
436 1453 538 1490 Celsi
558 1460 708 1490 aetatem
730 1454 945 1503 pervenisse
966 1461 1085 1504 puto:
1116 1454 1183 1492 sed
1211 1455 1389 1491 mutilum
1418 1452 1603 1497 fortassis,

136 1522 203 1555 aut
233 1517 299 1568 qui
337 1517 452 1554 Celso
487 1517 642 1555 mutilus
678 1517 809 1555 haberi
839 1524 985 1567 posset.
1042 1520 1130 1556 Hoc
1160 1519 1292 1568 utique
1323 1523 1515 1568 praetextu
1545 1517 1605 1554 vel

138 1582 228 1628 suis,
251 1582 310 1620 vel
328 1581 459 1620 nescio
476 1582 537 1631 cuj
546 1595 588 1619 us
609 1583 763 1620 alterius
785 1582 1010 1620 fabulatoris
1027 1581 1218 1632 figmentis
1237 1581 1497 1632 interpolavit.

329 1710 634 1761 Itidemfactum
658 1712 698 1748 in
721 1710 822 1748 libro
847 1711 978 1748 Hirtii
1000 1711 1045 1749 de
1066 1711 1160 1749 bello
1183 1712 1417 1762 Hispanico.

191 1784 236 1822 In
256 1785 358 1823 bello
379 1785 593 1835 Hispanico
613 1785 742 1823 adhuc
763 1785 948 1835 pauciora
969 1786 1089 1823 coaevi
1111 1786 1306 1835 scriptoris
1328 1784 1484 1833 vestigia
1505 1790 1604 1830 sunt,

139 1850 249 1900 plura
278 1855 407 1886 autem
441 1849 739 1899 interpolatoris,
760 1856 797 1886 et
819 1849 975 1899 quidem
1009 1850 1201 1898 ejusdem,
1231 1850 1298 1898 qui
1330 1849 1473 1885 bellum
1506 1848 1608 1886 Afri-

141 1926 278 1952 canum
300 1914 376 1951 suis
397 1914 620 1951 commentis
640 1922 811 1951 auxerat.
869 1913 1013 1950 Eadem
1040 1914 1075 1950 in
1099 1913 1380 1963 vocefacultas
1401 1911 1604 1962 elegantia,

141 1991 230 2029 quae
261 1991 373 2028 supra
402 1991 489 2028 cap.
516 1985 576 2017 12.
614 1979 667 2015 eis
694 1977 747 2015 ad
774 1976 1045 2028 ignoscendum
1080 1977 1187 2014 nulla
1218 1981 1272 2014 est
1302 1977 1395 2014 data
1413 1976 1607 2026 facultas.

142 2042 243 2092 Cap.
265 2049 329 2080 40.
351 2055 475 2088 nares,
505 2054 592 2092 quae
612 2042 652 2079 in
680 2042 961 2092 saloj‘aerimt:
996 2053 1068 2090 pro
1089 2040 1269 2090 exemplo
1289 2040 1423 2078 itidem
1452 2053 1475 2076 a
1496 2039 1607 2077 nobis

143 2118 259 2155 supra
271 2107 487 2144 observato.
518 2107 601 2144 Nec
614 2105 814 2142 dissimiles
834 2105 896 2142 alii
914 2111 1123 2142 occurrunt
1140 2104 1362 2154 sequiorum
1377 2104 1607 2141 saeculorum

145 2168 384 2208 barbarismi.
443 2171 540 2220 Cap.
562 2177 600 2214 7.
631 2170 790 2219 reliqme
817 2182 861 2205 er
874 2169 1069 2219 fugitivis
1096 2168 1305 2205 auxiliares
1335 2166 1610 2205 consistebant.

144 2232 244 2283 Cap.
268 2239 329 2272 12.
351 2233 440 2271 bene
458 2247 639 2285 magnum
656 2238 814 2283 tempus.
870 2234 967 2282 Cap.
995 2238 1053 2271 13.
1072 2232 1258 2282 simulque
1279 2231 1434 2269 ballista
1452 2231 1566 2268 missa
1586 2243 1609 2267 a

144 2297 291 2333 nostris
312 2301 457 2334 turrem
476 2297 626 2346 dejecit.
684 2297 784 2346 Cap.
810 2296 870 2336 16.
903 2296 1175 2334 e.1·istimabant
1206 2309 1266 2333 eos
1290 2308 1405 2346 posse
1432 2299 1610 2333 conatum

145 2357 300 2410 efficere.
354 2361 451 2409 Cap.
473 2366 537 2405 ⁴29.
558 2360 771 2397 adversarii
787 2361 1035 2410 patrocinari
1057 2359 1138 2397 Ioco
1160 2361 1292 2410 iniquo
1318 2373 1393 2397 non
1416 2359 1612 2397 desinunt.

149 2423 245 2472 Cap.
267 2427 330 2460 33.
352 2423 545 2469 libertum,
579 2425 802 2474 quisuis-set
830 2426 911 2475 ejus
931 2424 1180 2462 concubinus.
1238 2424 1336 2473 Cap.
1360 2429 1422 2468 39.
1450 2421 1610 2474 gradie-

149 2486 265 2524 batur
297 2486 509 2536 Hispalim.
571 2490 670 2536 Cap.
701 2493 763 2525 42.
802 2488 1043 2538 proi-inciam
1078 2486 1339 2537 depopulavit.
1395 2488 1445 2524 Et
1473 2490 1614 2535 praeter

147 2563 294 2588 morem
316 2551 450 2587 horum
473 2551 704 2598 scriptorum
728 2551 836 2589 Ennii
860 2556 989 2600 poetae
1008 2551 1221 2600 fragment-a
1238 2550 1421 2595 advocat,
1442 2561 1527 2598 cap.
1548 2553 1613 2587 23.

149 2619 216 2652 31.
271 2614 338 2650 Illa
360 2627 451 2651 vero
474 2627 585 2663 quan]
608 2615 750 2663 inepta,
772 2615 911 2665 quibus
933 2622 1061 2650 tamen
1082 2614 1261 2657 Caesaris,
1284 2613 1422 2650 summi
1443 2611 1615 2662 pruden-

149 2677 362 2727 tissimiqne
381 2680 553 2722 oratoris,
580 2692 782 2728 personam
803 2678 881 2728 agit
902 2678 962 2714 hic
985 2677 1176 2726 sophista:
1207 2676 1286 2721 An,
1304 2690 1357 2714 me
1377 2676 1512 2721 deleto,
1534 2688 1611 2713 non

149 2741 523 2789 animadvertebatis‚
545 2742 670 2781 decem
700 2743 836 2781 habere
858 2742 1028 2792 legiones
1053 2740 1241 2791 populum
1269 2741 1496 2786 Romanum,
1525 2752 1611 2792 quae
