1872 3104
560 142 919 176 c.J.‹LESARls
956 141 1087 171 νιΤΑ.
1441 131 1554 173 1983

101 241 298 290 ΠιίρθουςβΔ
338 240 673 289 καταστρεψαμένῳ
702 234 742 272 δὲ
771 234 927 276 τούτους,
969 235 1028 270 καὶ
1061 231 1105 269 δι’
1131 231 1329 280 ’Υρκανίας
1360 238 1456 282 παρὰ
1491 238 1556 281 τὴν

101 306 282 343 Κασπίαν
301 306 514 347 Θάλασσαν,
535 303 592 338 καὶ
620 302 684 337 τὸν
707 296 953 336 Καυκάσιον*

985 298 1256 345 ἐκπεριελθόντι
1276 299 1402 341 τόπον,
1424 300 1472 334 εἷς
1491 303 1558 344 τὴν

98 367 272 414 Σκυθικὴν
293 367 491 418 ἐμβαλεῖν·
522 368 581 402 καὶ
600 367 645 402 τὰ
665 367 853 415 περίχωρα
884 361 1102 411 Γερμανοῖς,
1123 363 1184 398 καὶ
1203 359 1419 411 Γερμανίαν
1445 364 1558 405 αὐτὴν

100 432 350 482 ἐπιδραμόντι,
380 430 440 468 διὰ
473 429 628 467 Κελτῶν
663 429 888 465 ἐπανελθεῖν
919 428 970 464 εἰς
1000 425 1180 470 Ἰταλίαν,
1217 427 1275 462 καὶ
1309 425 1475 473 συνάψαι
1495 426 1560 463 τὸν

101 499 230 534 κύκλον
249 499 377 532 τοῦτον
396 503 456 540 τῆς
476 497 678 544 ἡγεμονίας
708 495 757 544 τῷ
787 493 1028 542 πανταχόθεν
1046 489 1207 540 Ὠκεανῷ
1240 492 1558 538 7ι·εριορισθει’σης.5

100 560 168 597 Διὰ
193 562 308 608 μέσον
340 557 382 596 δὲ
411 564 471 602 τῆς
503 560 692 606 στρατείας
715 559 778 593 τόν
807 571 845 593 τε
866 556 1075 604 Κορινθίων
1094 553 1242 602 Ἰσθμὸν
1263 555 1449 605 ἐπεχείρει
1479 552 1561 592 δια·

103 627 288 661 σκάπτειν·
303 620 320 646 ⁶
348 622 529 668 Ἀνιηνὸν
549 624 609 659 ἐπὶ
627 626 733 659 τοῦτο
754 620 1092 672 προχειρισάμενος,
1123 621 1181 655 καὶ
1202 620 1264 656 τὸν
1283 618 1442 668 Τίβεριν
1462 616 1564 656 εὐθὺς

100 687 174 724 ἀπὸ
207 693 267 731 τῆς
299 689 441 724 πόλεως
474 685 677 731 ὑπολαβὼν
708 684 859 736 διώρυχι
891 684 1043 733 βαθείᾳ,
1081 686 1139 721 καὶ
1174 683 1397 731 περικλάσας
1431 684 1490 719 ἐπὶ
1521 683 1562 720 τὸ

100 750 293 798 Κιρκαῖον,
320 749 505 799 ἐμβαλεῖν
525 754 574 788 εἰς
592 753 658 795 τὴν
677 750 763 798 πρὸς
781 748 998 802 Ταρρακίνῃ
1025 748 1229 791 θάλατταν,
1250 748 1463 795 ἀσφάλειαν
1483 748 1563 797 ἅμα

100 816 159 852 καὶ
187 815 379 864 ῥᾳστώνην
405 820 478 853 τοῖς
508 813 552 852 δι’
580 815 782 865 ἐμπορίας7
819 820 993 864 φοιτῶσιν
1021 814 1070 850 εἷς
1104 811 1252 861 Ῥώμην
1276 811 1562 861 μηχανώμενος·

102 878 188 926 πρὸς
220 878 260 916 δὲ
293 880 431 918 τούτοις
452 882 497 917 τὰ
516 881 585 929 μὲν
618 881 685 924 ἕλη
706 881 750 915 τὰ
777 879 858 927 περὶ
878 875 1100 927 Πωμήτιον8

1132 878 1192 912 καὶ
1211 874 1350 920 Σητίαν
1370 875 1563 923 ἐκτρέψας,

102 942 230 980 πεδίον
258 942 448 990 ἀποδεῖξαι
477 946 635 981 πολλαῖς
667 941 822 990 ἐνεργὸν
851 942 1054 990 ἀνθρώπων
1085 940 1249 989 μυριάσι·
1290 942 1333 992 τῇ
1353 937 1382 975 δ’
1401 940 1564 986 ἔγγιστα

103 1017 164 1052 τῆς
182 1007 322 1057 Ῥώμης
341 1009 513 1060 θαλάσσῃ
534 1009 684 1055 κλεῖθρα
700 1005 761 1043 διὰ
781 1006 964 1057 χωμάτων
984 1006 1206 1052 ἐπαγαγὼν,
1228 1005 1286 1041 καὶ
1306 1006 1351 1041 τὰ
1368 1006 1489 1053 τυφλὰ
1508 1007 1567 1040 καὶ

104 1070 268 1121 δύσορμα
301 1081 362 1117 τῆς
379 1071 573 1115 Ὠστιανῆς
601 1072 722 1116 ἠϊόνος
754 1069 1092 1122 ἀνακαθηράμενος,
1119 1071 1272 1118 λιμένας
1294 1068 1567 1117 ἐμποιήσασθαι

104 1137 163 1171 καὶ
185 1138 354 1186 ναύλοχα
383 1134 470 1183 πρὸς
489 1138 673 1179 τοσαύτην
703 1134 896 1179 ἀξιόπιστα
929 1135 1139 1169 ναυτιλίαν.
1199 1131 1273 1169 Καὶ
1302 1136 1417 1169 ταῦτα
1437 1132 1506 1181 μὲν
1526 1132 1567 1168 ἐν

105 1205 352 1247 παρασκευαῖς
372 1197 428 1243 ἦν.

663 1410 698 1452 C
712 1409 755 1452 A
773 1409 824 1451 P.
868 1408 1001 1450 LIX.

106 1513 225 1544 Fastos
243 1512 412 1542 Romanos
429 1510 478 1542 ita
493 1509 662 1550 turbatos,
675 1514 713 1541 ut
729 1510 802 1541 dies
823 1509 903 1541 festi
918 1518 985 1540 non
999 1509 1144 1550 amplius
1161 1508 1195 1539 in
1211 1509 1308 1549 justa
1323 1507 1400 1538 anni
1417 1511 1573 1548 tempora

151 1565 358 1605 inciderent,
385 1574 591 1596 summorum
618 1563 895 1604 philosophorum
930 1567 967 1593 et
996 1561 1320 1593 mathematicorum
1344 1570 1428 1592 cura
1458 1560 1573 1593 Caesar

152 1618 324 1659 emendat,
339 1628 393 1649 an.
406 1620 460 1649 46.
474 1627 503 1648 a.
519 1617 599 1649 Chr.
614 1627 649 1648 n.

162 1703 210 1740 ‘H
230 1702 271 1741 δὲ
287 1708 349 1741 τοῦ
377 1705 623 1753 ἡμερολογίου
644 1701 819 1749 διάθεσις,
854 1705 913 1740 καὶ
933 1701 1119 1753 διόρθωσις
1139 1712 1199 1748 τῆς
1233 1704 1314 1751 περὶ
1343 1701 1408 1739 τὸν
1435 1702 1575 1753 χρόνον

772 1822 916 1853 NOTAE

154 1899 174 1927 3
195 1895 264 1927 Ἐπὶ
278 1894 430 1937 Πάρθους]
453 1896 603 1937 Propter
620 1896 732 1928 Crassi
749 1896 816 1927 cla-

112 1946 203 1979 dem.

155 2000 175 2028 4
220 1995 409 2037 Καυκάσιον]
445 1997 502 2029 Sic
542 1998 668 2029 Reiske
708 1998 815 2029 dedit.

112 2048 296 2088 Vulgatam
322 2049 504 2080 restituere
530 2049 680 2089 mallem,
703 2054 738 2079 et
755 2059 816 2089 pro

113 2097 210 2128 τόπον
238 2097 385 2137 legerem
418 2108 493 2128 cum
522 2099 559 2129 C.
588 2099 667 2129 Par.
690 2098 817 2139 πόντον,

116 2151 182 2181 sic:
215 2147 299 2188 παρὰ
324 2148 383 2185 τὴν
412 2148 555 2178 Κασπίαν
581 2148 745 2179 θάλασσαν
768 2150 819 2180 καὶ

115 2201 171 2232 τὸν
187 2199 364 2239 Καύκασον,
380 2199 604 2240 ἐκπεριελθόντι
616 2200 673 2230 τὸν
688 2199 819 2239 Πόντον,

117 2257 185 2283 etc.

160 2305 178 2333 5
202 2303 262 2338 Τῆς
277 2301 630 2342 ἥγ.-περιορισθείσης]
655 2302 699 2332 Η.
719 2312 748 2333 e.
766 2313 819 2332 ex-

113 2352 283 2392 peditionis
302 2361 364 2382 suae
386 2351 424 2382 ab
452 2353 586 2390 Oceano,
604 2351 705 2382 ubit-is
720 2356 820 2382 terra-

117 2412 187 2432 τιιηι
209 2402 351 2440 termino,
365 2401 513 2431 co'e'rcz'tae.
560 2401 707 2441 Propter
729 2411 821 2431 man-

118 2462 191 2483 cam
208 2452 282 2492 ejus
299 2452 361 2482 aevi
379 2455 479 2482 terrae
507 2452 732 2492 coguitionem
750 2453 822 2483 Cae-

119 2513 172 2534 sar
187 2513 284 2544 aeque
301 2513 339 2533 ac
355 2502 552 2533 Alexander
579 2503 751 2533 consilium
769 2513 823 2533 ce-

120 2559 220 2596 perat
251 2554 294 2585 de
322 2554 468 2584 maxima
492 2553 583 2583 orbis
613 2558 709 2592 parte
740 2553 825 2583 subi-

122 2603 242 2645 genda.
304 2604 372 2634 Per
410 2604 554 2634 Parthos
592 2603 745 2634 voluerat
781 2602 822 2632 ad

123 2654 298 2686 Oceanum
323 2654 522 2685 orientalem
541 2658 736 2694 penetrare,
762 2662 824 2692 pro

123 2705 220 2746 cujus
236 2705 308 2736 sinu
324 2714 417 2736 mare
434 2703 595 2744 Caspium
613 2702 825 2739 habebatur;

871 1896 1007 1936 Scythis
1055 1905 1135 1926 vero
1179 1892 1431 1933 Germanisque
1473 1895 1577 1932 atque

871 1956 986 1977 eorum
1016 1945 1140 1976 accolis
1166 1944 1280 1982 victis,
1305 1942 1479 1974 Oceanum
1503 1951 1580 1982 sep-

871 1996 1120 2027 temtrionalem
1148 1994 1329 2026 terminum
1358 1992 1580 2034 imperiifac-

871 2052 967 2077 turus
983 2051 1067 2076 crat.

914 2101 935 2128 6
958 2095 1182 2136 Διασκάπτειν]
1213 2095 1314 2128 Quod
1342 2094 1518 2134 inceptum
1546 2103 1580 2124 e-

872 2150 952 2180 tiam
970 2149 1043 2179 aliis
1063 2147 1212 2179 infausto
1238 2145 1303 2177 fnit
1331 2146 1438 2185 exitu,
1454 2150 1493 2175 ut
1510 2145 1581 2175 De·

871 2200 993 2230 meu-io
1010 2199 1225 2237 Poliorcetae‚
1244 2197 1419 2237 Caligulae,
1435 2195 1582 2227 Neroni-

874 2259 951 2291 que.
999 2249 1036 2279 In
1052 2248 1189 2285 Ἀνιηνὸν
1218 2247 1360 2278 Reiskio
1384 2255 1504 2277 nomen
1521 2244 1582 2276 ali-

874 2300 963 2342 quod
983 2300 1173 2331 Romanum
1191 2300 1298 2330 latere
1315 2297 1464 2328 videtur.

917 2354 936 2382 7
959 2350 1136 2391 Ἐμπορίας]
1159 2350 1205 2381 H.
1232 2350 1254 2380 l.
1275 2352 1328 2379 est
1352 2356 1466 2378 accus.
1492 2345 1581 2386 plur.

877 2401 1000 2432 Reislce.

920 2455 939 2481 8
969 2450 1131 2490 Πωμήτιον
1159 2449 1209 2480 καὶ
1229 2447 1360 2487 Σητίαν]
1399 2446 1453 2477 Sic
1484 2449 1580 2476 recte

879 2501 1007 2531 Reiske
1036 2510 1098 2540 pro
1126 2500 1281 2539 vulgato:
1312 2496 1504 2534 Νωμεντΐνον
1531 2493 1583 2525 καὶ

879 2550 1000 2587 Σήτιον.
1038 2551 1179 2581 Solanus
1208 2549 1363 2579 voluerat
1395 2544 1582 2585 Πωμέντιον.

880 2600 1028 2631 Aliunde
1044 2600 1147 2630 etiam
1172 2603 1321 2637 constat,
1337 2598 1507 2629 Caesarem
1527 2605 1585 2637 pa·

879 2651 977 2682 ludes
994 2651 1170 2682 Pomtinas
1187 2650 1316 2680 siccare
1332 2647 1488 2679 voluisse.
1526 2647 1583 2678 De

881 2700 1060 2742 paludibus
1072 2700 1167 2732 eirca
1182 2700 1392 2731 Nomentum
1407 2696 1442 2728 in
1458 2695 1585 2728 Sabino
