1872 3104
218 190 332 232 2050
659 192 911 226 Rncnnsus
946 187 1229 220 EanloNUM

271 307 364 345 pum
386 292 630 332 Beroaldum.
663 291 745 328 Fol.
767 296 854 328 2¹20.
888 303 922 325 a.
944 287 1102 335 legitur:
1135 292 1143 306 ‘
1161 285 1243 322 Caii
1262 283 1352 321 Julii
1373 280 1535 320 Caesaris
1557 280 1671 318 Com-

273 359 452 397 mentariu
476 357 570 394 Belli
590 355 752 393 Gallici:
785 353 932 391 Ciuilis:
966 349 1205 399 Pompeiani:
1229 345 1495 386 Alexandrini:
1527 343 1672 381 Africi:

273 435 318 461 ac
341 421 619 470 Hispaniensis:
650 417 933 456 accuratissime
963 416 1163 464 impressa:
1195 412 1379 449 finiuntur
1401 412 1512 446 Anno
1541 406 1672 444 salutis

275 486 477 523 dominic-ze
512 494 562 520 M.
589 495 628 520 D.
651 494 736 520 xil.
766 482 819 528 iij.
852 479 1044 518 Kalendas
1081 477 1289 515 Octobris:
1324 477 1365 512 ln
1403 474 1477 511 tine
1520 470 1665 508 Iudicis

279 547 471 586 Marliani:
503 551 512 565 ‘
529 547 574 583 C.
595 545 686 583 Julii
706 544 866 581 Caesaris
887 541 1255 580 Commentariorum
1279 538 1399 576 Index
1429 537 1575 574 felicem
1597 547 1680 571 sor·

277 613 370 650 titus
398 616 457 647 est
488 608 629 645 exitum
663 610 775 643 Anno
800 606 950 643 Domini
986 616 1035 642 M.
1059 616 1209 642 00000.
1231 609 1268 640 et
1291 613 1375 639 xii.
1409 600 1529 650 pridie
1558 610 1676 635 nonas

277 672 636 712 nouembris.’—lta
670 670 822 719 quidem
858 670 954 706 lianc
988 668 1048 705 ed.
1084 667 1283 716 descripsit
1305 668 1502 703 Crevenna
1531 664 1568 700 in
1590 664 1676 699 Cat.

276 738 366 774 Vol.
388 749 429 774 v.
451 749 492 786 p.
519 740 604 772 152.
626 734 782 782 insuper
801 731 966 768 addens:
999 737 1007 751 ‘
1025 732 1148 780 Apres
1183 743 1233 766 on
1270 737 1400 765 trouve
1435 740 1570 764 encore
1605 738 1677 762 une

277 802 416 850 longue
450 800 580 837 Lettre
618 797 667 834 de
704 796 964 844 Hieronymus
999 795 1203 832 Bononius
1239 792 1469 829 Tarnis-inus
1504 790 1679 827 Antonio

281 864 429 902 Zoiano
448 862 638 900 vicentino
672 859 820 897 clariss.
848 858 1037 908 praetoris
1062 856 1314 906 praescclique
1349 853 1513 891 'I'arvisii
1532 853 1683 901 Aluisij

280 927 520 966 vendramiui
543 923 840 973 venetipalrici‘j
861 922 1015 965 1·1'cm·1'o‚
1048 920 1143 957 dans
1177 919 1211 956 la
1241 918 1369 967 quelle
1402 916 1598 953 Bononius
1627 915 1685 953 dit

281 991 424 1030 d'avoir
444 1003 536 1028 revu
555 995 593 1025 et
613 987 759 1037 corrige
779 987 811 1023 le
833 992 933 1022 texte
967 985 1014 1021 de
1049 990 1147 1021 cette
1168 983 1325 1019 edition.
1383 982 1485 1018 C'est
1514 981 1562 1017 de
1592 979 1684 1029 quoi

282 1057 360 1093 l'on
379 1053 553 1104 pourroit
572 1052 814 1100 conjecturer
833 1049 971 1098 qu'elle
992 1048 1075 1085 doit
1094 1047 1198 1084 avoir
1218 1047 1275 1083 ete
1297 1046 1480 1083 executee
1501 1058 1546 1082 en
1564 1044 1684 1088 Italie‚

281 1125 321 1156 et
340 1119 512 1168 pentetre
532 1115 554 1152 ὲ
572 1114 744 1157 Τῐὲκίεθ,
773 1126 823 1150 ou
844 1112 865 1148 a
887 1110 1246 1148 Venise.’——Mirum
1269 1123 1369 1153 vero,
1394 1107 1555 1145 Bononii
1576 1107 1685 1157 Epis-

284 1182 401 1219 tolam
423 1177 742 1228 nuncupatoriam
763 1176 956 1225 adjectam
979 1188 1059 1211 esse
1082 1173 1168 1210 huic
1189 1173 1360 1217 editioni,
1376 1185 1476 1221 quae,
1495 1177 1535 1209 ut
1555 1171 1687 1208 titulus

283 1244 440 1288 indicat,
462 1256 508 1280 ex
529 1241 668 1278 familia
687 1246 743 1276 est
764 1238 1092 1276 Beroaldinarum.

237 1313 334 1346 1513
364 1306 506 1345 Aldina
528 1317 557 1342 1.
581 1311 616 1342 ὃ.
649 1304 735 1341 Hoc
766 1302 957 1339 volumine
987 1299 1232 1337 continentur
1252 1298 1355 1335 haec:
1386 1297 1690 1335 Commentario—

285 1384 370 1408 rum
391 1370 440 1407 de
462 1368 562 1406 bello
579 1366 734 1404 Gallico
754 1364 839 1401 libri
855 1374 957 1401 v111.
980 1363 1028 1400 de
1045 1362 1144 1399 bello
1160 1362 1506 1411 ciuilipompeiano
1526 1361 1612 1398 libri
1629 1372 1688 1398 lv,

288 1433 336 1471 de
367 1433 467 1470 bello
496 1429 756 1469 Alexandrino
784 1427 880 1464 liber
901 1437 929 1463 1.
952 1426 1000 1463 de
1022 1425 1124 1462 bello
1144 1425 1328 1463 Africano
1347 1425 1441 1462 liber
1463 1435 1490 1461 1.
1521 1424 1569 1461 de
1589 1424 1690 1462 bello

289 1495 532 1546 Hispaniensi
552 1494 646 1531 liber
668 1504 697 1530 1.
730 1492 883 1529 Pictura
917 1490 1032 1527 totius
1063 1489 1216 1533 Galliae,
1237 1488 1369 1525 diuisae
1401 1488 1437 1524 in
1459 1495 1584 1538 partes
1605 1488 1693 1525 treis

287 1559 495 1598 secundum
516 1559 562 1595 C.
585 1556 746 1594 Caesaris
767 1554 1077 1592 commentarios.
1136 1553 1302 1591 Nomina
1330 1553 1500 1589 locorum
1522 1553 1692 1590 urbium-

288 1637 363 1673 que
396 1628 434 1660 et
470 1621 698 1671 populorum
735 1619 885 1662 Galli-te,
920 1626 961 1656 ut
993 1618 1080 1654 olim
1117 1617 1343 1654 dicebantur
1378 1617 1494 1654 latine
1524 1623 1562 1654 et
1589 1630 1691 1654 nunc

290 1687 472 1724 dicuntur
491 1685 641 1734 gallice,
664 1682 874 1720 secundum
897 1682 1066 1719 ordinem
1097 1681 1309 1730 alphabeti.
1381 1681 1538 1718 Pictura
1565 1681 1693 1731 pontis

289 1751 325 1786 in
347 1750 495 1792 Rheno,
516 1748 606 1784 item
627 1746 796 1790 Auarici,
830 1745 988 1788 Alexim,
1023 1744 1272 1788 Uxelloduni‚
1308 1744 1498 1781 Massiliae.
1556 1745 1693 1782 Literae

289 1813 399 1850 Max.
431 1809 678 1853 Pontificum,
701 1822 746 1845 ne
778 1808 861 1857 quis
895 1808 1011 1844 libros
1046 1820 1139 1844 cura
1169 1815 1299 1845 nostra
1320 1821 1481 1845 excusos
1503 1809 1695 1858 imprimat

292 1875 495 1918 vendatve,
517 1878 592 1910 ἃς.
625 1879 668 1909 ut
702 1872 739 1908 in
772 1872 886 1909 literis
923 1872 994 1908 sub
1024 1885 1141 1921 poena
1174 1872 1581 1909 excommunicationis
1618 1872 1694 1910 lata

294 1937 494 1975 sententia.
554 1936 719 1972 Venetiis
758 1936 793 1972 in
829 1936 974 1972 aedibus
1013 1936 1104 1972 Aldi
1141 1942 1179 1972 et
1216 1936 1381 1973 Andreae
1416 1936 1548 1973 Soceri
1581 1941 1693 1973 1513.

293 2014 420 2039 mense
441 1999 760 2049 Aprili.-E(liti0
782 1999 863 2035 hacc
885 2005 1015 2035 curata
1047 2005 1101 2035 cst
1134 2012 1155 2035 a
1188 2000 1249 2036 Jo.
1271 1999 1448 2036 jocondo
1467 1999 1698 2046 (Giocoudi)

296 2063 515 2107 Veronensi,
539 2076 585 2099 ex
603 2061 685 2098 ord.
712 2062 1062 2105 Dominicanorum,
1085 2061 1201 2110 quiin
1219 2061 1346 2098 Gallia
1364 2062 1485 2098 multa
1504 2062 1697 2111 exempla-

295 2129 349 2166 ria
368 2126 614 2175 conquisivit,
636 2132 674 2162 et
694 2124 928 2161 eruditorum
951 2124 1112 2173 plurium
1138 2125 1368 2161 Venetorum
1396 2125 1552 2175 ingeniis
1571 2125 1697 2163 omnia

295 2189 704 2240 subjecitjudiczurda,
727 2194 767 2224 ut
789 2188 867 2236 ipse
890 2187 1093 2237 profitetur
1119 2187 1154 2223 in
1189 2187 1313 2236 Epist.
1336 2188 1382 2225 ad
1405 2188 1547 2226 Julian.
1571 2188 1696 2226 Medi-

295 2267 393 2291 cem.
426 2253 576 2290 Mennis
599 2265 685 2288 xero
705 2258 836 2287 scatet.

249 2323 346 2356 1514
375 2317 527 2355 Juntina
554 2327 602 2352 11.
627 2322 662 2351 ὃ.
695 2313 979 2351 Commentaria
1014 2313 1186 2358 Caesaris,
1219 2314 1323 2363 prius
1357 2327 1379 2350 a
1411 2315 1592 2352 Jocundo
1625 2316 1696 2352 im-

294 2381 480 2431 pressioni
501 2382 601 2424 (lata,
640 2378 828 2427 posterius
856 2391 877 2413 a
911 2377 1020 2413 nobis
1055 2376 1338 2426 diligentissime
1374 2378 1506 2425 revisa,
1539 2385 1577 2416 et
1606 2393 1692 2417 cum

295 2444 574 2493 exemplaribus
594 2443 764 2490 ejusdem
788 2441 942 2484 collata,
978 2441 1162 2477 restitutis
1184 2441 1360 2477 omnibus
1393 2441 1499 2485 locis,
1521 2455 1607 2491 quae
1628 2455 1697 2491 per

296 2507 476 2546 incuriam
496 2508 544 2543 ab
566 2507 622 2550 iis,
653 2506 718 2555 qui
738 2519 780 2541 ea
804 2506 1041 2554 impressere,
1064 2505 1121 2541 vel
1142 2505 1286 2550 relicta,
1310 2506 1367 2541 vel
1389 2514 1511 2542 errata
1529 2506 1693 2542 fuerunt.

296 2571 395 2608 ——ln
413 2571 471 2608 his
492 2577 617 2608 autem
639 2570 929 2607 Connmntariis
949 2569 1192 2606 continentur
1215 2571 1272 2606 De
1296 2569 1394 2606 bello
1418 2568 1570 2605 Gallico
1592 2568 1696 2604 Libri

299 2644 402 2672 VIII.
461 2635 520 2671 De
551 2634 650 2671 bello
680 2634 779 2670 civili
802 2633 1035 2682 Pompeiano
1058 2633 1159 2670 Libri
1183 2644 1274 2671 1111.
1332 2633 1391 2669 De
1412 2630 1512 2668 bello
1532 2631 1697 2668 Alexan-

298 2695 406 2734 drino
425 2696 539 2735 Liber
559 2709 670 2743 unus,
692 2699 768 2735 ἃς.
825 2695 995 2734 Nomina
1014 2697 1200 2742 locorum,
1221 2695 1384 2739 urbium,
1405 2701 1443 2731 et
1462 2695 1696 2744 populorum
