1872 3104
603 198 641 226 o.
673 196 711 227 J.
742 193 961 224 cAESAms
995 192 1128 222 νιΤΑ.
1485 181 1596 226 1973

723 414 758 455 C
773 413 815 455 A
829 414 882 454 P.
929 414 1004 455 LI.

205 537 319 568 cassan·
334 536 366 568 in
380 536 514 567 ltaliam
531 535 649 576 redux,
664 535 779 566 consul
794 539 930 567 creatur
946 539 982 566 et
999 534 1109 565 varias
1125 533 1168 565 ob
1182 542 1297 565 causas
1313 533 1400 564 male
1417 531 1524 564 audit.

186 649 249 686 Ἐκ
268 653 394 686 τούτου
413 647 609 696 διαβαλὼν
640 650 691 685 εἷς
722 646 903 692 Ἰταλίαν,
923 645 1129 694 ἀνέβαινεν
1163 648 1212 683 εἷς
1241 646 1399 696 Ῥώμην,
1431 650 1494 683 τοῦ
1525 646 1594 696 μὲν

135 714 303 750 ἐνιαυτοῦ
323 717 647 763 καταστρέφοντος,
668 714 719 748 εἷς
739 712 782 748 ὃν
802 714 914 763 ᾕρητο
934 709 1108 760 δικτάτωρ
1128 711 1167 748 τὸ
1188 709 1390 758 δεύτερονῇ
1421 708 1595 747 οὐδέποτε

135 783 195 820 τῆς
223 779 338 828 ἀρχῆς
376 778 513 822 ἐκείνης
550 778 725 825 πρότερον
758 777 949 813 ἐνιαυσίου
986 779 1201 825 γενομένης.
1274 774 1338 810 Εἷς
1371 774 1412 810 δὲ
1443 773 1594 811 τούπιὸν

1391 838 1407 856 2

136 840 271 878 ὕπατος
296 840 514 891 ἀπεδείχθη·
551 843 609 877 καὶ
643 847 754 877 κακῶς
775 842 942 887 ἤκουσεν,
965 840 1034 884 ὅτι,
1054 845 1126 876 τῶν
1148 845 1376 886 στρατιωτῶν
1441 853 1596 874 στασια-

799 903 811 924 3
857 905 872 918 -ι
901 903 919 940 3
1031 905 1039 917 ⁵
1131 905 1138 915 ι
1376 902 1403 922 ,ι
1548 916 1554 920 .

851 920 898 942 (ιν
920 919 986 952 ρας
1023 906 1251 947 ανελοντων,
1278 902 1498 939 Κοσκωνιον
1536 900 1595 937 καὶ

136 908 293 949 σάντων,
333 907 390 942 καὶ
428 903 491 941 δύο
528 902 784 952 mpura-ymonis

134 967 308 1014 Γάλβαν,
335 970 538 1018 ἐπετίμησε
555 969 627 1017 μὲν
648 970 769 1005 αὺτοῖς
788 972 974 1013 τοσοῦτον,
997 967 1087 1005 ὅσον
1107 969 1191 1004 ἀντὶ
1230 971 1462 1014 στρατιωτῶν
1490 966 1596 1001 πολί-

133 1048 196 1069 τας
215 1037 525 1080 προσαγορεῦσαι,
545 1034 674 1083 χιλίας
703 1029 743 1068 δὲ
773 1030 960 1081 διένειμεν
990 1031 1128 1082 ἑκάστῳ
1161 1028 1342 1081 δραχμὰς,
1375 1030 1434 1066 καὶ
1467 1029 1595 1079 χώραν

131 1101 192 1138 τῆς
209 1094 368 1131 Ἰταλίας
390 1096 629 1143 ἀπεκλήρωσε
647 1096 810 1139 πολλὴν.
855 1091 936 1131 *Ην
956 1093 986 1131 δ’
1006 1096 1117 1132 αὐτοῦ
1147 1092 1308 1140 διαβολὴ
1343 1094 1402 1129 καὶ
1431 1094 1452 1137 ἡ
1479 1091 1595 1129 Δολο-

131 1156 258 1203 βέλλα
278 1158 432 1208 μανία,4
450 1161 508 1196 καὶ
535 1161 556 1204 ἡ
585 1159 783 1208 Ἀμιντίου
803 1161 1039 1210 φιλαργυρία,
1060 1159 1118 1196 καὶ
1134 1158 1280 1208 μεθύων
1298 1156 1512 1201 Ἀντώνιος,
1535 1156 1594 1191 καὶ

134 1221 329 1271 Κορφίνιος
343 1224 354 1244 ⁵
390 1224 455 1267 τὴν
486 1221 685 1271 Πομπηΐου
716 1226 1005 1274 σκευωρούμενος
1025 1224 1146 1260 οἰκίαν
1165 1224 1223 1259 καὶ
1243 1218 1525 1271 μετοικοδομῶν,
1548 1222 1594 1255 ὡς

1437 1283 1591 1320 Καῖσιιο

134 1283 261 1331 ἱκανὴν
281 1288 343 1323 οὒκ
362 1283 491 1324 οὖσαν.
546 1285 628 1323 Ἐπὶ
660 1285 797 1324 τούτοις
829 1287 902 1335 γὰρ
932 1284 1159 1337 ἐδυσφόρουν
1189 1284 1380 1336 Ῥωμαῖοι.

789 1402 937 1436 NOTAE

174 1478 190 1506 1
215 1474 390 1517 Δικτάτωρ]
426 1477 525 1510 Quod
540 1476 667 1510 factum
685 1484 737 1509 est
754 1484 834 1519 post

132 1527 309 1560 victoriam
326 1529 572 1569 Pharsalicam,
590 1540 667 1562 cum
685 1530 834 1562 Alexan-

132 1577 213 1609 ‹lriae
242 1583 344 1611 esset.
391 1581 468 1613 Quo
495 1580 611 1612 audito
639 1582 755 1613 Caesar
781 1581 832 1612 M.

136 1628 318 1660 Antonium
346 1629 407 1661 sibi
443 1630 600 1670 adjunxit
636 1632 835 1673 magistrum

131 1678 294 1719 equitum.

174 1730 194 1758 2
217 1730 282 1759 Τῶν
296 1729 506 1769 στρατιωτῶν]
532 1729 686 1761 Decimae
703 1731 836 1772 potissi-

131 1788 221 1810 mum
246 1780 397 1820 legionis,
425 1790 524 1822 quam
547 1782 664 1813 Caesar
690 1782 835 1813 maxime

131 1829 310 1862 dilexerat.

174 1883 192 1910 3
217 1880 462 1921 Στρατηγικοὺς]
500 1882 567 1914 Qui
585 1887 749 1922 praetores
765 1880 836 1913 fue-

131 1936 218 1962 rant.
251 1932 396 1962 Eosdem
407 1932 579 1967 βουλευτὰς
591 1932 744 1973 appellat
756 1933 834 1963 Dio.

131 1981 261 2014 Milites
278 1983 422 2014 Caesaris
450 1983 484 2014 in
509 1983 729 2024 Campaniam
748 1992 834 2023 prae·

131 2031 222 2063 missi
260 2032 302 2064 ad
339 2032 465 2065 bellum
496 2032 708 2073 Africanum,
745 2033 834 2065 dona

132 2081 293 2121 promissa
307 2081 512 2124 flagitantes,
525 2083 727 2115 seditionem
742 2082 833 2115 fece-

132 2136 222 2171 rant,
247 2137 295 2171 et,
317 2133 435 2164 occisis
461 2133 674 2174 quibusdam,
691 2135 833 2165 Romam

132 2181 393 2213 revertebantur
419 2182 461 2213 ad
489 2182 668 2214 Caesarem.
722 2184 834 2217 Quem

132 2240 209 2262 cum
240 2232 368 2263 scirent
398 2236 469 2263 tum
499 2232 644 2263 maxime
668 2233 831 2265 militibus

131 2281 298 2322 indigere,
323 2292 387 2313 non
415 2282 555 2322 praemia
577 2283 752 2324 petebant,
772 2284 833 2315 sed

131 2331 320 2363 missionem
336 2332 477 2364 militiae.
514 2333 649 2364 Caesare
665 2343 746 2365 vero
758 2343 832 2366 eam

131 2381 354 2422 concedente,
385 2383 546 2424 ipsosque
581 2393 649 2414 non
688 2385 831 2426 amplius

130 2432 361 2471 commilitones,
388 2433 503 2464 milites
533 2434 742 2474 appellante,
771 2435 832 2466 sed

128 2483 219 2522 cites,
236 2483 376 2517 Quirites
390 2482 480 2523 (ὅπερ
495 2483 561 2514 ἐστι
573 2483 733 2522 σύμβολον
748 2485 831 2524 ἀφει-

129 2532 226 2571 μένων
252 2535 308 2569 τῆς
337 2533 499 2574 στρατείας
528 2534 578 2565 καὶ
605 2534 830 2575 ἰδιωτευόντων,

131 2583 222 2624 App.
239 2593 278 2615 u.
296 2584 366 2625 93.)
393 2583 634 2625 perterrefacti
655 2589 692 2616 et
717 2595 832 2626 poenas

130 2639 333 2674 metuentes,
376 2640 410 2665 et
448 2635 599 2675 praedam
635 2634 832 2667 Africanam

127 2684 282 2715 ‘amissam
309 2685 478 2726 dolentes,
504 2695 539 2716 se
562 2685 645 2717 facti
668 2686 833 2726 poenitere

131 2733 392 2769 confitebantur.
437 2736 523 2769 Tum
553 2737 668 2768 Caesar
693 2736 832 2778 singulis

887 1488 986 1519 agros
1011 1483 1047 1510 et
1073 1479 1254 1520 pecuniam
1279 1475 1469 1513 distribuit,
1486 1480 1519 1505 et
1539 1483 1595 1503 m-

887 1529 1045 1561 luntariis
1062 1539 1097 1560 se
1113 1529 1154 1560 ad
1173 1528 1339 1568 reliquum
1356 1525 1481 1557 bellum
1499 1524 1595 1565 sequi

887 1580 1056 1622 permisit.
1101 1580 1178 1612 Quo
1204 1577 1297 1609 facto
1325 1585 1440 1608 omnes
1460 1574 1597 1606 nomina

889 1630 1152 1672 profitebantur.
1198 1627 1251 1660 Cf.
1279 1626 1427 1668 Appian.
1452 1625 1475 1656 l.
1501 1627 1533 1655 2.
1559 1630 1596 1655 et

888 1681 959 1713 Dio
974 1681 1070 1713 Cass.
1086 1682 1140 1712 42.
1156 1682 1209 1710 50.
1227 1687 1322 1719 seqq.

931 1734 951 1762 4
981 1732 1017 1762 ‘H
1035 1728 1226 1766 Δολοβέλλα
1239 1726 1347 1767 μανία]
1392 1725 1432 1757 Ρ.
1458 1724 1594 1757 Cornel.

889 1781 1083 1820 Dolabella,
1121 1779 1273 1821 quamvis
1303 1778 1376 1818 ipse
1409 1785 1542 1817 quoque
1574 1785 1595 1806 a

890 1831 1034 1864 Caesaris
1063 1830 1220 1871 partibus
1248 1832 1369 1866 staret,
1396 1826 1512 1858 Roma:
1544 1830 1594 1856 ta·

889 1891 979 1921 men,
994 1891 1071 1912 cum
1088 1883 1178 1911 esset
1193 1878 1348 1910 tribunus
1365 1876 1488 1917 plebis,
1516 1884 1595 1906 con·

889 1936 944 1963 tra
960 1931 1009 1962 Μ.
1032 1928 1217 1961 Antonium
1237 1931 1273 1959 et
1288 1932 1442 1958 senatum
1459 1924 1596 1957 seditio-

887 1992 963 2014 nem
990 1984 1157 2021 moverat,
1170 1980 1246 2020 lege
1274 1978 1319 2010 de
1345 1977 1470 2009 tabulis
1497 1977 1594 2009 novis

887 2031 1064 2073 promissa.

928 2086 946 2113 5
980 2080 1156 2122 Κορφίνιος]
1198 2081 1255 2112 De
1271 2078 1414 2110 Amiutio
1429 2077 1493 2108 hoc
1509 2076 1593 2108 nibil

886 2133 1008 2164 habeo.
1056 2130 1260 2172 Cornificium
1279 2129 1402 2161 iterum
1421 2127 1517 2168 posui
1542 2128 1593 2168 [in

886 2184 1054 2220 versione,
1070 2186 1107 2213 ut
1124 2191 1225 2222 supra
1240 2190 1270 2211 c.
1283 2183 1349 2218 43„
1364 2179 1454 2220 quod
1469 2187 1593 2210 nomen

885 2239 921 2265 et
938 2234 1024 2266 Cod.
1040 2232 1209 2273 Anonym.
1226 2228 1380 2269 exhibet]
1415 2229 1472 2270 qui
1488 2232 1542 2259 est
1557 2228 1593 2259 in

886 2285 1012 2317 Graeco
1028 2283 1200 2325 Κορφίνιος·
1229 2292 1340 2324 neque
1365 2288 1477 2311 tamen
1499 2290 1592 2321 mag-

886 2346 1012 2376 nopere
1040 2344 1208 2367 assevero.
1255 2332 1296 2363 Id
1320 2340 1418 2363 ausus
1444 2340 1530 2367 sum,
1555 2335 1593 2360 ut

885 2385 1106 2418 Cornificium
1121 2389 1202 2415 ante
1211 2382 1399 2415 Antonium
1418 2389 1590 2421 ponerem.

885 2439 948 2469 Est
972 2437 1062 2468 enim
1087 2437 1182 2467 locus
1209 2434 1446 2474 interpolatus⁸
1504 2431 1590 2462 Qum

887 2488 930 2519 de
945 2487 1100 2527 Pompeii
1117 2485 1214 2516 domo
1231 2484 1401 2520 dicuntur,
1415 2480 1497 2511 satis
1513 2489 1593 2510 con-

887 2543 956 2569 stat
972 2537 1014 2569 ad
1033 2535 1218 2567 Antonium
1235 2532 1421 2573 pertinere,
1444 2538 1520 2560 cum
1548 2538 1591 2560 ex

888 2588 975 2625 aliis,
989 2592 1025 2617 et
1039 2586 1110 2616 vita
1127 2583 1265 2615 Antonii
1283 2583 1329 2623 (c.
1348 2581 1429 2621 10.),
1458 2586 1529 2611 tum
1546 2589 1591 2611 ex

888 2635 1086 2676 Philippica
1113 2632 1288 2665 Ciceronis
1316 2630 1466 2662 secunda
1491 2640 1521 2661 c.
1537 2632 1591 2662 26.

886 2695 980 2727 seqq.
1024 2686 1078 2716 Ex
1093 2688 1174 2714 nota
1198 2682 1369 2723 Xylandri.
1415 2681 1500 2712 Cum
1518 2681 1590 2712 Cae-

888 2746 941 2768 sar
979 2733 1137 2776 Pompeii
1165 2733 1305 2766 aliorum
1337 2732 1425 2765 bona
1456 2731 1590 2774 publice
