1872 3104
672 210 1007 241 LATINITATIS.

117 309 242 340 nmilia
256 308 374 340 domum
390 305 421 338 G
437 304 460 341 i,
477 308 509 335 5.

115 353 281 383 Ill-ducere.
298 349 364 381 vid.
380 348 421 378 ad
438 347 469 378 G
486 345 542 384 vii,
557 347 610 377 72.

115 394 245 432 Referre
266 393 304 423 de
331 389 496 430 Republica
521 389 548 420 C
572 389 594 428 i,
618 390 649 420 1.
691 387 809 427 referre

153 436 310 476 pecuniam
326 432 431 462 multoe
445 432 575 471 nomine,
596 432 652 462 das
668 429 750 461 Geld
766 432 810 461 als

155 476 260 515 Strqse
274 475 306 505 in
324 473 494 504 Eiemahme
509 473 639 512 Im'ngen
654 472 710 504 Af.
733 475 787 504 90.

116 516 263 561 Reficere'
279 516 393 556 copias,
418 516 615 548 imminutas
650 516 812 556 supplere

154 561 181 593 C
195 560 230 591 iii
257 561 310 589 87.

111 584 304 641 Reges,'rex
328 604 362 631 et
387 610 484 632 soror
508 601 587 642 ejus.
612 599 683 632 vid.
707 598 748 631 ad
782 600 808 631 C

150 644 199 683 iii,
216 645 288 675 107.

110 683 210 727 Regio
224 686 307 726 agri,
322 686 430 717 solum
449 685 481 717 G
497 685 553 725 vii,
570 687 623 717 13.

108 727 251 770 Regnum
279 738 435 770 occupare,
468 728 680 769 tyrannidem
710 726 810 760 affec·

152 777 224 803 tare
241 771 273 803 G
291 771 314 811 i,
329 773 359 802 3.

110 814 233 854 Regula
248 813 276 845 C
292 814 329 853 ii,
344 816 395 845 10.

111 856 254 895 Refice-re
268 855 469 897 (repellere)
485 856 655 897 equitatum
672 855 703 888 G
723 855 744 895 i,
756 858 810 887 24.

149 900 206 931 Sic
220 899 346 938 rejicere
360 899 392 929 in
409 898 515 930 urbem
531 899 563 930 G
582 899 618 937 ii,
634 901 687 930 33.
720 899 812 938 rejici

149 945 341 982 tempestate,
367 942 409 972 de
426 942 566 972 navibus
584 941 616 973 G
640 950 672 981 v,
699 944 731 982 ὅ,
756 943 811 972 23.

152 983 198 1015 cf.
215 993 328 1015 cursus.

112 1026 353 1066 &languescere
363 1037 374 1057 .·
388 1026 444 1058 rel.
460 1026 592 1066 animus,
612 1025 700 1057 vires
717 1024 813 1056 amit-

152 1070 195 1101 tit
209 1069 241 1100 G
258 1069 280 1099 ii
310 1071 361 1100 15.

113 1111 270 1152 Religare,
283 1092 402 1151 figere,
413 1109 516 1142 fixum
534 1115 664 1149 tenere,
677 1120 719 1142 ne
734 1119 810 1151 pos-

151 1153 196 1185 sit
210 1153 299 1185 elabi
315 1153 342 1185 C
359 1153 395 1193 ii,
409 1156 441 1185 6.
465 1154 604 1190 alligare
620 1153 648 1186 C
664 1154 700 1193 ii,
720 1156 753 1184 9.

110 1196 235 1236 Religio
248 1196 472 1235 jurisjurandi,
500 1195 602 1228 officii
625 1195 811 1227 necessitas

152 1238 362 1280 (obligatio),
383 1249 483 1280 quam
507 1237 614 1270 efficit
635 1238 812 1279 jusjuran-

154 1282 234 1313 dum
250 1281 278 1313 C
294 1282 316 1321 i,
331 1284 384 1312 76.
413 1282 591 1321 religiones,
608 1282 732 1319 omina,
756 1289 812 1311 au-

151 1324 259 1365 spicia
273 1324 306 1356 G
323 1334 354 1363 v,
370 1327 400 1356 6.
418 1324 463 1356 cf.
480 1323 521 1354 ad
540 1324 572 1355 G
588 1324 631 1363 vi,
646 1326 697 1355 37.
722 1323 814 1355 Dici-

153 1374 209 1398 tur
224 1371 337 1398 antem
350 1376 489 1398 numero
503 1367 625 1407 plurali
637 1366 815 1406 religiones,

153 1409 234 1450 quia
256 1418 370 1440 omnes
394 1410 528 1440 omnino
551 1410 753 1440 caerimouiae
777 1414 814 1440 et

151 1451 243 1483 modi
283 1451 502 1483 colendorum
540 1451 693 1492 deornm,
731 1461 814 1493 quos

151 1503 284 1535 pagana
306 1494 424 1534 religio
440 1493 574 1533 habuit,
598 1495 696 1525 simul
713 1495 813 1526 intel-

150 1537 313 1578 ligantur,
343 1542 489 1578 suntque
519 1536 605 1568 adeo
637 1537 814 1577 relig-iones,

153 1589 267 1611 omnes
285 1584 399 1620 parles
420 1579 602 1620 religioni&
648 1578 814 1610 Sacrorum

153 1623 302 1662 relig-ione
324 1622 456 1662 aliquem
474 1622 612 1662 precari,
639 1631 702 1663 per
718 1631 814 1653 vaso-

154 1674 227 1696 rum
242 1673 416 1695 sacrorum
429 1664 629 1704 religionem
643 1668 679 1695 et
691 1664 815 1696 sancti-

151 1711 258 1739 tatem
285 1707 386 1737 alicui
408 1707 634 1737 reverentiam
659 1707 815 1747 injicere,

151 1754 189 1781 et
204 1749 236 1781 el
251 1749 300 1780 ita
316 1758 385 1779 rem
401 1749 608 1789 persuadere
629 1747 660 1790 A
675 1751 728 1779 32.

112 1793 316 1834 Relinquere:
341 1791 462 1822 animus
481 1801 549 1822 eum
563 1791 712 1831 relinquit
728 1791 760 1822 G
771 1791 816 1831 vi,

153 1837 205 1867 38.
250 1833 339 1866 unde
354 1835 456 1875 vulgo
470 1834 568 1865 animi
582 1833 761 1874 deliquium.

110 1877 293 1918 Reliquum.-
321 1876 402 1908 nihil
435 1877 496 1907 siin·
517 1876 630 1917 reliqui
656 1875 815 1914 fecerunt,

152 1920 247 1959 nihil,
262 1920 351 1961 quod
371 1918 535 1960 facerent,
557 1919 769 1960 reliquerunt
784 1919 816 1950 G

153 1963 178 1994 ii
206 1965 259 1995 26.

113 1986 286 2038 Renimm
299 2005 405 2044 alicui,
420 2003 609 2036 concedere
622 2003 666 2042 ei,
678 2003 817 2043 permit-

154 2053 241 2087 tere,
259 2057 325 2079 nou
353 2057 488 2089 urgere,
512 2056 577 2078 non
594 2055 747 2087 pugnare
774 2047 815 2076 de

154 2098 193 2122 re
208 2090 242 2122 G
259 2091 315 2130 vii,
331 2093 383 2122 20.
427 2090 585 2121 remittere
609 2090 743 2120 dolorem
764 2099 816 2129 pe-

155 2131 265 2174 cunioe,
281 2138 428 2172 propter
443 2134 621 2172 pecuniam
636 2136 816 2172 acceptam

157 2173 190 2206 Α
205 2178 258 2206 56.
273 2173 318 2205 cf.
335 2176 515 2205 condonare.
549 2178 556 2183 '

116 2217 350 2256 RemoIlescere,
364 2217 563 2248 mollescere
578 2215 611 2248 G
627 2215 672 2256 iv,
686 2218 718 2248 2.

115 2259 347 2301 Rempublz’cam
359 2269 469 2299 gerere
495 2259 538 2290 de
559 2259 724 2290 militibus
749 2258 776 2290 C
795 2259 818 2299 i,

118 2344 295 2385 Rmulcus,
322 2343 423 2384 funis,
453 2353 521 2385 quo
548 2343 644 2375 navis
672 2343 820 2385 religata

159 2387 259 2419 alteri
275 2387 430 2419 trahitur.
454 2387 617 2418 Fortassis
633 2387 737 2417 etiam
750 2395 819 2418 om-

161 2430 214 2461 nis
229 2430 448 2470 machinatio,
475 2429 519 2460 ad
543 2429 738 2461 trahendam
754 2429 820 2469 hoc

158 2473 261 2504 modo
287 2480 410 2503 navem
437 2473 627 2513 religatam,
652 2472 820 2504 remulcus

160 2514 255 2547 dicta
271 2519 324 2546 est
341 2515 368 2546 C
384 2515 420 2554 ii,
434 2517 487 2547 23.
510 2515 560 2554 iii,
574 2517 627 2546 40.
652 2515 694 2546 ad
721 2523 821 2556 quem

160 2557 271 2590 locum
287 2558 439 2595 Vossius,
459 2556 604 2588 fortasse
622 2557 719 2598 justo
741 2565 822 2597 ope-

160 2601 281 2640 rusius,
307 2600 474 2640 disputat.
501 2600 534 2631 A
557 2602 610 2631 11.
655 2601 724 2631 Res
746 2609 824 2639 per·

160 2644 280 2685 spicue
295 2642 441 2683 intelligi
457 2647 574 2684 potest
598 2651 617 2672 e
648 2641 774 2682 Polyb.
798 2641 821 2679 i,

161 2687 216 2719 27.
230 2686 309 2719 coll.
326 2695 357 2717 c.
380 2688 434 2717 26.
463 2695 540 2717 nam
554 2693 668 2724 naves,
690 2693 734 2716 ex
749 2683 823 2715 aliis

163 2736 228 2769 ope
249 2727 381 2760 fmtium
404 2729 571 2770 religatae,
601 2727 763 2758 dicuntur
779 2726 822 2757 ab

163 2770 215 2802 his
229 2770 474 2812 ῥυμουλκεῒσθαι,
497 2770 648 2803 remulco
664 2768 764 2801 trahi.

1449 203 1559 244 lxvii

861 302 1039 334 Renovaeus
1061 302 1187 334 animus
1205 306 1282 343 post
1309 307 1473 336 terrorem
1499 306 1557 337 As.

860 387 1082 427 Renumerare,
1103 387 1216 418 wieder
1229 387 1375 418 zuziihlen
1391 387 1419 419 C
1435 387 1484 426 iii,
1507 393 1559 422 53.

862 431 1064 469 Renuntiare,
1079 430 1236 461 nuntiare
1252 429 1284 461 G
1302 431 1323 468 ἰ,
1341 432 1380 460 10
1413 429 1446 461 Η
1463 432 1516 462 35.

861 473 1022 512 Reperire,
1047 473 1236 513 comperire
1265 472 1295 504 G
1322 472 1345 512 i,
1373 475 1425 504 18.
1449 473 1484 513 ii,
1512 477 1561 505 14.

901 516 1037 555 reperire
1073 515 1281 556 (acquirere,
1320 514 1456 555 parare)
1501 516 1560 546 eibi

900 558 1031 588 salutem
1061 557 1092 589 G
1123 558 1146 594 i,
1177 560 1229 589 53.
1275 558 1329 589 Sic
1359 562 1394 588 et
1421 557 1560 594 Graece,

904 599 1041 639 εὑρέσθαι
1064 598 1189 638 ἀγαθόν.
1215 600 1281 631 νίιί.
1300 600 1505 632 Valkenaer.
1520 602 1562 632 ad

903 643 1072 674 Herodot.
1090 644 1136 680 ix,
1157 645 1188 674 6.

861 684 1022 726 Repetere‚
1039 686 1149 716 denuo
1165 689 1285 724 petere
1303 684 1335 716 G
1351 694 1383 725 V,
1399 687 1452 717 49.

862 728 1036 769 Reporlare
1049 738 1081 759 se
1094 729 1133 758 ad
1148 728 1290 768 aliquem,
1315 728 1442 759 reverti
1458 727 1492 759 H
1508 731 1562 759 40.

860 770 1108 811 Repraesentare,
1120 769 1233 802 facere
1248 774 1327 802 ante
1340 770 1563 802 constitutam

904 814 992 844 diem
1020 814 1052 845 G
1080 814 1104 853 i,
1129 815 1182 844 40.
1228 811 1343 843 facere
1360 812 1465 852 illico,
1490 814 1562 843 sine

903 865 1007 895 mora,
1025 858 1078 894 (ut
1096 865 1148 886 res
1165 855 1239 894 ipsa
1255 859 1290 886 et
1308 854 1431 886 veritas
1449 856 1563 886 statim

903 896 1085 938 appareat)
1099 895 1130 928 A
1146 899 1199 928 70.

862 939 1044 980 Reprimere
1063 939 1192 979 fugam,
1216 937 1369 980 fugiendi
1393 938 1493 971 finem
1519 939 1565 970 fa-

904 992 983 1014 cere
1001 982 1034 1013 G
1052 982 1099 1021 iii,
1117 984 1169 1013 14.
1310 1013 1317 1016 ,

864 1024 1050 1057 Rescmdere
1062 1028 1186 1065 pontem
1201 1023 1233 1056 G
1251 1024 1274 1061 i,
1290 1026 1322 1056 7.
1346 1024 1393 1064 iv,
1410 1027 1462 1056 19.

861 1067 1043 1098 Rescribere
1057 1067 1178 1108 pedites
1195 1068 1235 1098 ad
1248 1076 1370 1108 equum,
1391 1077 1410 1098 e
1439 1067 1565 1098 catalo-

905 1119 946 1151 go
970 1110 1123 1151 peditum
1146 1110 1180 1141 in
1204 1111 1356 1150 equitum
1373 1111 1564 1150 catalogum

905 1153 1144 1192 transcribere,
1173 1152 1347 1192 equitibus
1373 1162 1566 1191 accensere,

903 1195 1055 1237 equitum
1072 1196 1146 1227 loco
1162 1195 1201 1226 iis
1218 1195 1268 1225 uti
1286 1194 1317 1226 G
1333 1195 1355 1235 i,
1371 1197 1424 1226 42.

863 1237 981 1269 Resina
996 1238 1030 1269 H
1046 1240 1098 1269 33.

863 1280 1018 1321 Respuere
1033 1280 1253 1320 conditionem,
1277 1288 1342 1311 non
1365 1278 1510 1320 probare
1534 1279 1565 1310 G

906 1323 930 1362 i,
944 1325 996 1354 42.

864 1366 1072 1406 Restagnare‚
1100 1365 1228 1407 stagnis
1246 1365 1382 1406 plenum
1398 1373 1471 1396 esse
1488 1366 1515 1395 C
1534 1364 1569 1404 ii,

864 1451 1003 1482 Restitui
1031 1450 1176 1492 praelz'um
1212 1449 1350 1490 dicitur,
1385 1458 1475 1488 cum,
1511 1449 1569 1490 qni

908 1493 1152 1534 propemodum
1168 1491 1304 1523 fuerant
1318 1493 1413 1531 victi,
1441 1501 1476 1522 se
1500 1492 1569 1521 col-

907 1536 1028 1576 ligunt,
1050 1540 1087 1567 et
1109 1534 1264 1576 praelium
1291 1535 1477 1566 instaurant
1493 1534 1522 1564 G
1545 1534 1568 1574 i,

865 1620 1044 1652 Restitutus
1058 1620 1092 1651 in
1104 1619 1264 1660 antiquum
1277 1620 1375 1651 locum
1395 1618 1522 1650 honoris
1536 1617 1565 1649 G

906 1663 929 1702 i,
947 1666 999 1695 18.

866 1705 1020 1737 Retineri.
1036 1704 1104 1735 vid.
1120 1704 1163 1735 ad
1181 1704 1216 1736 H
1235 1706 1266 1736 8.

866 1747 1060 1788 Retorqueri,
1078 1751 1263 1778 retrorsum
1279 1746 1327 1778 ire
1345 1746 1372 1777 C
1391 1747 1414 1786 i,
1430 1750 1483 1778 69.

865 1789 1032 1821 Revincire
1052 1790 1230 1829 anchoram,
1250 1789 1387 1829 alligare
1405 1790 1435 1820 G
1454 1789 1502 1828 iii,
1520 1791 1572 1820 13.

907 1834 1058 1863 revincire
1081 1832 1196 1869 trabes,
1222 1832 1414 1871 copulando
1436 1830 1570 1862 firmare

909 1875 939 1906 G
957 1873 1000 1915 iv,
1018 1878 1067 1906 17.
1084 1875 1143 1912 vii,
1158 1876 1210 1905 23.
1229 1872 1274 1906 cf.
1306 1874 1412 1916 G-vii,
1426 1876 1480 1905 73.
1511 1873 1568 1903 ubi

907 1924 973 1957 est,
998 1917 1114 1958 figere,
1130 1916 1276 1948 firmare.

866 1961 1033 1999 Revocare,
1049 1968 1192 1990 avocare
1209 1958 1241 1989 G
1257 1959 1308 1997 iii,
1333 1961 1384 1990 17.

865 2003 988 2042 Rheda,
1009 2003 1118 2033 minus
1135 2001 1325 2033 vehiculum
1341 2001 1518 2032 Gallorum
1535 2006 1572 2031 et

908 2045 1156 2077 Germanorum
1172 2044 1203 2076 G
1220 2045 1244 2083 i,
1261 2047 1313 2075 51.

866 2088 1029 2119 Rhenones
1044 2088 1075 2119 G
1093 2087 1138 2127 vi,
1157 2089 1211 2118 21.
1229 2092 1264 2118 et
1281 2090 1352 2117 not.
1368 2085 1410 2117 ad
1427 2094 1457 2117 c.
1474 2087 1527 2116 26.

866 2131 1005 2170 Rogare.
1050 2129 1095 2161 cf.
1119 2133 1356 2161 sacramentum.
1526 2139 1529 2143 ·

867 2173 986 2204 Rostra
1018 2173 1175 2213 imponere
1203 2172 1332 2203 navibus
1359 2170 1512 2202 actuariis
1541 2168 1571 2199 A

908 2218 963 2247 44.
1007 2216 1172 2255 discutere,
1188 2214 1348 2256 frangere
1365 2213 1396 2245 Α
1411 2216 1465 2245 46.

871 2258 979 2289 Rudas
995 2257 1026 2289 A
1043 2261 1061 2289 1
1100 2258 1136 2289 Η
1155 2261 1185 2290 8.

868 2301 985 2340 Ruina,
1012 2309 1108 2331 casus
1133 2310 1263 2340 eorum,
1291 2299 1349 2341 qui
1370 2299 1454 2330 alins
1470 2306 1571 2337 super

912 2343 1014 2375 alium
1031 2343 1291 2385 praecipitantur
1306 2342 1339 2375 A
1355 2345 1408 2373 31.

1211 2471 1234 2502 S

871 2557 1103 2589 Sacramentum
1131 2558 1184 2587 est
1215 2553 1456 2596 jusjurandum
1489 2551 1574 2583 mili-

915 2604 1001 2632 tare.
1047 2599 1139 2629 Hinc
1167 2600 1359 2628 sacramento
1387 2595 1503 2626 milites
1527 2604 1574 2624 ro-

911 2652 1001 2681 gare,
1016 2641 1099 2679 sive,
1121 2644 1160 2671 ut
1176 2644 1228 2671 est
1244 2639 1334 2679 apud
1353 2638 1498 2678 Festum,
1524 2637 1571 2667 in-

915 2687 1086 2723 terrogare,
1108 2681 1278 2723 significat
1299 2690 1430 2722 rogare,
1458 2689 1499 2711 an
1515 2688 1572 2710 vc-

917 2727 980 2757 lint
997 2724 1105 2765 jurati
1133 2734 1255 2756 nomen
1282 2723 1364 2755 dare
1387 2722 1514 2754 militiae
1539 2721 1572 2752 G

919 2768 964 2809 vi,
976 2771 1003 2800 1.
1018 2768 1088 2800 Liv.
1106 2766 1214 2809 xxxii,
1231 2770 1281 2800 26,
1298 2776 1399 2807 xxxv,
1412 2770 1442 2797 2.
1461 2765 1570 2805 ›1,26.
