1872 3104
601 190 803 223 NOTITIA
836 189 1047 220 cAnniAE.
1448 178 1562 221 2015

112 290 240 344 vulgo
261 288 298 330 Ie
317 287 449 330 Cher:
478 287 578 328 item
606 283 644 324 V
643 285 847 339 igemmm,
870 282 912 323 la
936 280 1081 332 Viane,
1105 281 1144 322 Ια
1173 278 1212 320 V
1211 282 1372 336 ignaue,
1392 286 1435 323 et
1454 283 1562 324 alios

115 361 338 409 praeterea.

165 420 350 462 Lexovii.
397 417 604 459 l’Evesvlee
620 425 659 458 et
679 431 778 472 pays
799 415 847 456 de
872 414 1039 457 Lisieux
1060 430 1107 456 en
1133 413 1402 457 Normandie.

167 487 384 542 Lingones.
438 484 634 540 Langres.

165 553 348 595 Lutetia.
391 552 562 594 Graecis
584 550 816 602 λευκοτεκιά,
840 548 1079 605 λουγοτεκῖοι.

161 619 356 662 Matisco.
403 618 612 659 ent-osche
628 619 676 659 de
699 618 886 658 RIascon.

164 686 381 729 Matrona.
417 684 582 726 Mat-ne.
636 686 790 739 Ingens
821 686 995 734 flumen,
1026 697 1167 739 neque
1194 685 1338 725 minus
1368 686 1469 739 ipso
1488 684 1565 727 Se-

105 767 264 810 quana.

163 819 448 861 Alelodunum.
513 820 616 860 Hoc
648 832 801 860 nomen
839 831 1067 872 perperam
1101 817 1302 858 insultum
1343 822 1410 859 est
1447 820 1565 872 apud

105 887 326 930 Caesarem
356 888 440 936 bis,
459 900 538 939 pro
559 899 644 940 quo
665 891 830 926 veteres
852 897 999 924 omnes
1021 884 1172 937 scripti
1208 882 1384 924 codices
1405 884 1565 926 habent

106 954 413 996 Metiosedum.
452 953 615 994 Verum
629 952 803 1005 quidem
824 955 888 991 est
910 950 1195 991 Melodunum
1212 954 1254 990 et
1271 950 1565 991 Metiosedum

106 1034 237 1062 unum
252 1021 454 1073 idemque
470 1020 684 1073 oppidum
704 1032 823 1060 esse:
845 1018 923 1059 sed
938 1017 1223 1059 Melodunum
1242 1020 1464 1072 posterius
1484 1023 1564 1060 est.

107 1088 252 1129 Hodie
276 1085 423 1126 ssIelun
444 1088 488 1127 in
519 1086 661 1126 insula
680 1085 897 1139 Sequanae
922 1085 1055 1125 instar
1075 1085 1260 1126 Lutetiae
1285 1085 1564 1126 Parisiorum.

103 1153 237 1194 Aliud
259 1153 557 1202 Melodunum‚
579 1153 662 1202 vel,
683 1156 735 1192 ut.
749 1152 853 1192 alibi
875 1152 1058 1205 reperio,
1082 1151 1374 1192 Miliodunmn
1395 1153 1438 1192 in
1458 1164 1564 1204 agro

104 1221 379 1263 Bituricensi.
436 1219 582 1272 Vulgo
614 1217 757 1258 Mean.
818 1216 910 1258 Alii
957 1231 1037 1271 pro
1080 1217 1374 1258 Metiosedum
1417 1217 1566 1269 legunt

106 1286 314 1337 Joseclum,
337 1291 378 1328 et
404 1285 567 1327 corbeil
586 1287 931 1340 interpretantur.
992 1284 1166 1335 Quibus
1191 1285 1352 1325 bonam
1377 1288 1564 1325 mentem

104 1368 347 1409 precamur.

163 1419 506 1461 Mediomatrices.
556 1420 874 1461 Posterioribus
904 1420 1170 1473 temporibus
1189 1420 1294 1460 urbs
1320 1418 1565 1461 Medioma-

104 1489 263 1530 tricum
283 1491 443 1529 vocata
462 1491 526 1528 est
546 1487 696 1536 Metae,
724 1491 768 1527 et
790 1488 922 1542 vulgo
943 1500 1097 1527 nomen
1117 1487 1283 1536 retinet,
1319 1499 1419 1527 cum
1439 1491 1566 1528 antea

104 1555 382 1597 Divodurum
399 1555 439 1595 ei
459 1566 616 1595 nemen
638 1557 764 1594 esset.

163 1620 366 1675 Menapii.
417 1621 572 1662 Strabo
594 1634 694 1662 cum
715 1619 901 1661 Morinis
919 1620 1144 1661 continuat
1164 1620 1206 1659 in
1222 1619 1448 1660 maritimis
1464 1619 1566 1660 Bel-

104 1690 179 1742 gii,
200 1692 242 1729 et
261 1687 415 1729 Caesar
435 1700 608 1741 quoque
628 1686 795 1727 indicat
814 1688 875 1727 ibi
906 1699 1017 1726 esse.
1077 1686 1278 1738 Denique
1297 1685 1566 1728 Ptolemaeus

105 1756 295 1797 collocat
326 1755 383 1796 ad
411 1756 525 1795 ostia
557 1753 716 1794 Mosae.
778 1752 883 1794 Non
915 1755 1015 1793 sunt
1035 1753 1164 1804 igitur
1192 1751 1381 1791 Geldrii:
1413 1765 1566 1805 neque,

104 1823 181 1876 qui
208 1823 395 1875 sapiunt,
416 1822 498 1862 hoc
521 1819 768 1861 concedent.
828 1819 915 1860 Sed
936 1831 1040 1871 pars
1067 1818 1286 1858 hodiernae
1311 1816 1565 1859 Hollandiae

104 1892 148 1930 et
168 1887 418 1929 Brabantiae
439 1887 684 1934 maritimae,
697 1886 769 1926 vel
789 1886 935 1938 potius
956 1883 1193 1925 secundum
1216 1884 1472 1924 Strabonem
1489 1897 1567 1926 ora

107 1954 324 1997 Flandriae
375 1955 609 2002 maritima,
650 1957 749 1993 sunt
799 1953 888 1993 veri
920 1951 1119 2004 Menapii
1137 1965 1146 1992 ε
1194 1955 1237 1991 et
1281 1949 1567 2004 Menapiseus

105 2035 248 2075 pagus
278 2022 436 2063 dicitur
466 2022 511 2061 in
543 2019 823 2073 Capitulariis
857 2017 1015 2058 Karoli
1047 2017 1198 2070 Magni
1236 2030 1316 2070 pro
1346 2016 1566 2059 Flandriae

108 2087 340 2134 Comitatu.
384 2088 622 2142 Nunquam
642 2085 894 2140 persuaderi
906 2085 1032 2126 nobis
1051 2086 1196 2139 potuit
1216 2083 1453 2137 Menapios
1472 2095 1567 2125 esse

111 2153 330 2195 Geldrios.

165 2219 342 2261 Morini.
393 2219 556 2260 Eorum
575 2221 676 2260 urbs
695 2219 896 2261 Teroana
915 2220 1059 2260 diruta
1079 2231 1105 2259 a
1125 2217 1295 2259 Karolo
1315 2218 1481 2271 quinto.

168 2286 408 2328 Nantuates.
459 2286 579 2327 Cave
600 2287 751 2327 credas
771 2299 868 2327 esse
896 2286 1206 2328 monasterium
1224 2286 1307 2326 hoc
1331 2285 1505 2325 nomine
1523 2285 1568 2324 in

110 2355 350 2404 Sabandia,
381 2358 428 2395 ut
447 2353 651 2407 quaedam
680 2366 766 2394 non
799 2367 908 2395 sana
934 2355 1079 2407 capita
1098 2353 1266 2394 volunt.
1327 2351 1437 2391 Sunt
1457 2351 1504 2399 ii,
1522 2352 1569 2391 in

109 2422 269 2475 quibus
307 2434 448 2474 pagus
485 2419 733 2461 Octodurus
768 2424 851 2470 est,
885 2421 930 2461 id
968 2425 1048 2470 est,
1082 2420 1268 2460 Sanctus
1310 2417 1568 2459 Mauricius.

111 2486 250 2542 Cujus
270 2488 331 2527 rei
351 2486 479 2527 fidem
511 2485 674 2526 faciunt
708 2490 984 2527 monumenta
1009 2487 1230 2539 passionis
1250 2485 1435 2536 legionis
1454 2482 1570 2524 The-

108 2555 318 2604 baeorum,
341 2555 386 2594 in
409 2553 567 2607 quibus
590 2552 798 2594 Octoduri
818 2558 886 2596 est
904 2553 1092 2594 mentio:
1124 2552 1394 2597 Octodurum
1423 2554 1569 2591 autem

111 2633 139 2662 a
173 2621 350 2663 Caesare
398 2621 443 2660 in
478 2618 686 2670 Vei-agris
729 2619 930 2672 proxime
974 2617 1276 2659 Nantuatibus
1320 2617 1568 2659 collocatur.

102 2686 306 2738 Quidam
324 2688 471 2740 legunt
490 2684 720 2728 Autuates.
781 2685 867 2727 Sed
890 2687 965 2739 qui
984 2685 1231 2733 Nantuates
1252 2684 1310 2726 ad
1330 2683 1570 2726 Aci-onium
