1872 3104
685 218 1020 250 LA'rlm'rA'rlS.

174 316 265 357 limo,
292 315 419 357 liquida
446 316 483 345 et
512 311 654 353 limpida
684 312 724 343 fit
751 312 827 345 Α3.

175 360 305 391 Ibidem
322 366 408 398 aqua
434 354 559 386 dicitur
579 354 748 394 subsidere,
773 365 828 387 cu-

170 403 227 442 jus
244 402 339 431 limus
355 397 507 429 subsidit.

132 446 200 482 Lis,
210 443 294 473 litem
308 440 473 478 oeelimare,
487 439 707 477 constituere,
723 449 827 480 quan-

175 486 200 516 ti
228 484 273 514 sit
287 483 456 521 damnum,
479 482 520 512 ab
537 483 646 513 altero
661 482 778 513 datum
795 482 826 513 G

173 536 205 565 v,
220 529 249 557 l.
294 525 349 555 Lis
373 533 455 565 ergo
470 529 523 555 est
551 525 599 563 id,
613 525 655 555 de
673 534 739 565 quo
754 529 828 556 orta

170 572 222 598 est
242 567 487 606 controversia,
503 576 556 597 res
572 567 709 598 violata.

128 611 246 646 Litore,
262 610 360 639 caedes
373 610 485 640 litatur
500 609 688 650 (expiatur,
709 607 829 649 luitur)

166 661 257 691 poena
275 652 308 682 H
324 653 377 682 24.

125 694 228 725 Locus
254 693 423 732 dignitatis
445 693 478 724 G
499 703 532 733 v,
548 695 602 724 44.
647 694 745 724 locum
766 692 827 734 (al-

168 734 256 775 tum)
279 735 428 766 amicitiae
451 739 554 767 tenere
583 738 665 776 apud
694 736 828 776 aliquem

168 778 201 809 G
218 778 304 819 i,20.
348 779 411 808 loco
433 779 609 818 argumenti
631 779 742 810 habere
758 778 786 810 C
803 779 826 818 i,

125 862 236 901 Longe
264 862 367 894 abesse
397 862 429 893 G
444 861 466 902 i,
481 865 535 894 36.
560 863 636 902 eii,
651 865 703 894 37.
727 863 826 894 consi-

166 906 239 936 dere
253 915 273 936 a
296 928 305 937 .
329 927 338 936 .
362 927 371 936 .
395 905 428 936 G
446 914 477 942 v,
492 908 546 936 47.
569 904 629 938 Af.
646 908 700 937 34.
721 909 826 938 castra

167 957 310 987 ponerea
334 970 342 979 .
369 971 378 979 .
402 970 410 979 .
434 946 537 979 Α36.

127 989 309 1030 Longinqua
331 990 514 1020 consuetudo
537 989 569 1021 G
587 989 608 1029 i,
629 993 684 1022 47.
709 994 744 1021 et
760 990 824 1021 lon-

164 1033 282 1072 ginqua
297 1032 413 1063 obsidio
429 1031 461 1062 G
474 1041 505 1070 v,
521 1034 573 1062 29.
597 1032 624 1063 C
638 1032 684 1072 iii,
695 1035 749 1063 80.
772 1036 826 1064 est

167 1074 338 1105 diuturna.
381 1073 610 1115 Longinquitas
628 1075 776 1115 temporis
798 1075 826 1107 C

167 1116 177 1146 i
205 1119 258 1147 29.

123 1140 303 1198 &tigurius
339 1168 366 1190 s.
392 1158 578 1200 langurium,
607 1164 727 1192 contus
753 1160 824 1192 lon-

167 1202 241 1241 gior
257 1201 288 1233 G
302 1200 350 1242 iii,
366 1204 418 1232 14.
450 1201 496 1241 iv,
512 1204 564 1233 17.
587 1202 646 1242 vii,
660 1206 714 1234 84.
745 1203 774 1235 C
789 1203 825 1243 ii,

124 1285 238 1317 Lorica
267 1285 402 1317 tur-rium
429 1285 462 1317 G
477 1296 510 1327 v,
533 1289 587 1319 40.
621 1287 697 1319 valli
712 1287 743 1319 G
765 1287 826 1329 vii,

168 1331 221 1359 72.
245 1327 292 1359 cf.
311 1329 446 1369 pluteus.

124 1370 288 1401 [micatus
302 1372 480 1411 elephantus
495 1370 526 1402 A
542 1374 595 1402 72.

122 1412 269 1443 Loricula
283 1414 358 1444 valli
373 1413 405 1444 G
421 1413 490 1453 viii,
508 1416 540 1445 9.
583 1414 682 1445 turris
696 1413 780 1446 ibid.

123 1454 323 1493 Lucrifacere
358 1456 541 1496 maleficium
570 1457 730 1498 beneficio,
754 1455 824 1488 effi-

167 1507 260 1537 cere,
285 1507 328 1528 ue
350 1496 554 1529 maleficium
580 1504 717 1539 noceat,
733 1499 824 1531 dam-

166 1549 246 1571 num
260 1539 419 1571 maleficii
435 1541 567 1571 amoliri
585 1541 620 1572 H
643 1544 696 1573 35.

124 1582 241 1622 Ludus,
264 1582 299 1613 in
324 1591 390 1624 quo
417 1583 624 1623 gladiatores
649 1593 670 1615 a
691 1583 823 1616 lanistis

167 1624 412 1656 erudiebantur
427 1626 455 1657 C
468 1625 491 1665 i,
507 1628 558 1657 14.

125 1666 250 1698 Lunata
273 1670 387 1707 castra,
409 1667 444 1698 in
472 1668 562 1698 lunae
591 1667 824 1711 (semicirculi)

169 1708 310 1741 formam
327 1709 440 1750 posita
462 1708 520 1741 Af.
536 1712 589 1742 80.

454 1836 494 1868 Μ

124 1921 280 1962 Macaria,
305 1921 531 1963 sepimentum
557 1921 589 1953 G
613 1920 671 1963 vii,
685 1924 739 1954 69.
784 1921 826 1954 In

169 1964 229 1996 Gr.
245 1965 415 2005 metaphr.
443 1968 496 1996 est
516 1966 636 2004 τεῖχος.

126 2006 333 2047 Machinatio,
347 2006 503 2038 machina
516 2007 548 2038 G
564 2008 598 2048 ii,
614 2009 667 2040 31.
688 2007 735 2047 iv,
752 2010 804 2039 17.

125 2049 285 2088 Magister
297 2050 397 2089 navis,
414 2049 470 2090 qui
485 2059 599 2081 curam
616 2054 653 2081 et
667 2050 826 2081 adminis-

169 2091 351 2122 trationem
362 2092 456 2122 navis
472 2092 579 2123 habet
593 2092 621 2124 C
636 2092 671 2133 ii,
684 2095 739 2124 43.

127 2132 317 2171 Magnitudo
344 2134 430 2165 venti
452 2134 485 2166 G
500 2144 533 2174 V,
546 2137 600 2167 43.
643 2133 826 2175 magviitudo

170 2175 337 2216 copiarum,
361 2176 544 2208 multitudo
559 2176 592 2207 A
607 2179 661 2208 26.

126 2216 247 2256 Magno
262 2228 362 2258 opere,
378 2227 585 2259 magnopere
599 2219 632 2250 G
649 2219 674 2258 i,
686 2221 739 2250 13.
767 2219 826 2251 So-

168 2260 220 2291 let
234 2265 313 2300 post
325 2261 415 2300 nihil,
429 2262 540 2301 nullus,
553 2261 646 2300 ullus,
663 2261 827 2302 quidquam

170 2302 262 2341 poni,
279 2302 329 2333 rei
359 2303 549 2334 minuendae
569 2313 683 2336 causa.
705 2314 828 2344 magnoe

162 2343 232 2381 fuit
248 2344 389 2382 fortunoe
402 2345 433 2377 G
451 2345 496 2385 vi,
517 2348 570 2377 30.

127 2386 269 2417 Malae-ia
295 2387 326 2418 G
343 2387 390 2428 iii,
416 2391 466 2420 15.
500 2398 578 2419 cum
604 2397 697 2420 mare
723 2389 828 2430 nullo,

170 2429 225 2459 vel
253 2429 389 2461 leuioris
414 2440 505 2462 aurae
526 2429 611 2463 flatu
640 2441 830 2464 commove-

171 2474 238 2502 tur.
711 2487 715 2492 ·

125 2513 330 2554 Illaleficium,
344 2513 467 2554 injuria
497 2526 524 2546 s.
542 2515 713 2556 damnum,
736 2516 827 2558 quod

169 2555 285 2587 hostes
301 2556 445 2588 hostium
459 2558 548 2599 agris
565 2559 767 2599 oppidisque
780 2559 828 2589 in·

169 2596 285 2629 ferunt
312 2598 379 2637 Gi,
402 2602 433 2640 7,
456 2603 488 2631 9.
512 2601 539 2632 C
555 2600 578 2641 i,
593 2603 646 2632 22.
670 2601 697 2632 C
713 2601 749 2641 ii,
772 2603 826 2633 20.

167 2639 205 2670 τὸ
220 2642 413 2681 κακουργεῖν.

128 2681 292 2714 Malleolus
307 2683 338 2714 A
356 2686 408 2715 14.

129 2723 244 2765 Malus,
258 2726 388 2767 tignum
404 2726 536 2767 lougius
553 2726 584 2758 G
601 2726 659 2767 vii,
674 2729 728 2759 22.

130 2764 283 2801 Mendax-e
296 2767 427 2809 sesugae
443 2769 475 2802 G
490 2768 515 2810 i,
531 2772 582 2803 12.
605 2769 642 2810 ii,
655 2772 708 2802 24.

1516 210 1580 252 lix

879 312 1046 350 Mandata,
1064 309 1155 353 qnod
1171 309 1269 342 alicui
1287 310 1498 346 commissum
1526 320 1580 348 est

922 355 954 385 G
971 354 1017 391 iv,
1034 356 1087 385 27.

878 396 976 428 Mane
987 397 1050 426 aiei
1062 394 1120 426 Af.
1136 397 1190 426 42.

879 439 1072 478 Manipalus,
1098 438 1229 468 duabus
1258 437 1421 469 centuriis
1449 443 1584 473 constat

921 481 953 511 G
971 481 1006 519 ii,
1022 484 1076 510 25.
1121 480 1335 520 Manipularcs
1348 481 1379 512 G
1397 481 1455 520 vii,
1471 485 1524 513 50.

877 523 1007 562 Manus,
1031 522 1200 553 hominum
1229 523 1411 554 multitudo
1435 524 1504 563 Gi,
1527 527 1582 555 37.

922 565 956 603 ii,
972 568 1004 595 2.
1028 565 1075 604 iii,
1093 568 1142 596 ll.
1186 575 1295 596 manus
1314 565 1422 605 ferrea
1447 566 1511 606 ei,
1527 569 1582 599 57.

921 607 1003 647 Ejus
1019 617 1097 638 usus
1114 607 1198 638 ibid.
1216 617 1246 638 c.
1262 612 1315 639 58.
1330 614 1366 640 et
1383 609 1409 640 C
1426 608 1462 648 ii,
1476 611 1507 639 6.
1532 609 1581 639 in-

921 649 1068 681 dicatur.
1086 649 1131 681 cs.
1149 651 1300 691 harpago.
1329 652 1431 682 Manu
1447 651 1583 692 (opere,

919 692 1009 733 arte)
1034 693 1171 723 manitus
1187 694 1218 724 G
1236 693 1283 733 iii,
1299 695 1350 725 23.
1376 703 1408 732 v,
1424 696 1477 724 57.
1515 704 1582 725 ma-

920 744 978 765 nus
1003 735 1088 775 dare,
1103 734 1232 766 victum
1252 744 1288 767 se
1314 735 1486 775 confiteri,
1511 745 1581 767 non

920 777 1080 808 resistere
1110 777 1235 809 diutius
1251 777 1283 809 G
1302 787 1333 817 v,
1347 780 1401 808 30.
1445 778 1500 809 sub
1515 789 1581 810 ma·

920 829 993 850 num
1023 820 1160 859 mittere,
1176 819 1339 851 celeriter
1366 829 1412 851 m.
1442 820 1500 852 Af.
1527 823 1582 853 36.

921 861 964 892 cf.
987 862 1128 894 Sueton.
1143 862 1234 903 Aug.
1250 864 1305 894 49.
1328 862 1412 893 inter
1426 872 1535 894 manus
1550 864 1579 896 C

918 904 942 934 ii
971 906 1004 935 2.

875 926 970 977 Mar'e
983 946 1152 987 Oceanum,
1163 945 1322 978 Oceanus
1339 946 1370 978 G
1388 946 1436 987 iii,
1450 950 1482 978 7.
1517 946 1576 979 Sic

917 991 955 1019 et
977 988 1121 1020 Tacitus
1157 989 1294 1020 locutus
1319 994 1372 1020 est
1401 989 1467 1020 An.
1494 990 1517 1028 i,
1547 993 1581 1023 9.

918 1035 956 1062 et
981 1031 1149 1072 Pompon.
1185 1032 1278 1063 Mela
1309 1031 1344 1072 ii,
1365 1035 1396 1063 6.
1441 1032 1508 1063 Sed
1521 1032 1581 1063 hos

918 1072 1070 1114 aliosque
1087 1075 1179 1105 locos
1196 1074 1337 1115 collegit
1358 1074 1520 1106 Davisius
1533 1074 1578 1106 ad

918 1115 1029 1146 locum
1043 1117 1203 1148 Caesaris.

874 1157 1007 1189 Matura
1020 1159 1052 1190 G
1070 1159 1093 1197 i,
1110 1161 1163 1190 26.

875 1201 1028 1241 Materia,
1042 1202 1198 1241 mter-ies,
1211 1201 1351 1233 arbores
1373 1200 1407 1232 in
1423 1202 1527 1242 sylvis
1543 1202 1578 1234 G

917 1252 950 1283 v,
967 1246 1019 1274 12.
1063 1244 1131 1274 Sed
1155 1244 1187 1275 G
1203 1244 1251 1281 iii,
1265 1247 1318 1275 29.
1343 1249 1422 1275 sunt
1441 1245 1578 1275 arbores

916 1294 1028 1317 caesae.
1051 1287 1183 1317 materia
1217 1286 1378 1327 bipedalis,
1412 1286 1507 1328 tigna
1530 1286 1580 1318 bi-

917 1328 1055 1367 pedalia
1071 1329 1099 1360 C
1115 1329 1150 1369 ii,
1166 1332 1219 1360 10.

873 1370 1057 1410 Mater-tari,
1073 1372 1167 1411 ligna
1182 1371 1345 1411 colligere
1363 1371 1395 1403 G
1408 1371 1467 1413 vii,
1480 1374 1534 1405 73.

873 1413 1006 1444 Matura
1016 1414 1122 1454 hyems
1138 1414 1171 1445 G
1188 1413 1232 1453 iv,
1247 1416 1300 1444 20.

875 1455 1068 1487 Elatum-ime
1083 1457 1115 1487 G
1130 1456 1154 1495 i,
1171 1458 1225 1487 33.

876 1498 1032 1529 BIemoria
1058 1497 1246 1539 (tempore)
1271 1501 1400 1538 patrum
1424 1496 1496 1538 Gi,
1524 1500 1577 1529 12.

919 1539 958 1579 ii,
974 1543 1004 1571 4.
1046 1541 1139 1580 paulo
1167 1550 1263 1581 supra
1285 1541 1364 1571 hanc
1388 1540 1580 1580 memoriam,

920 1583 1023 1622 paulo
1038 1587 1119 1614 ante
1145 1583 1218 1614 haec
1242 1586 1398 1624 tempora
1420 1583 1453 1615 G
1469 1583 1513 1624 vi,
1527 1586 1579 1615 19.

919 1623 965 1655 cf.
987 1626 1122 1657 studere.

877 1665 1028 1698 Mensura
1039 1677 1079 1699 ex
1091 1677 1169 1708 aqua
1181 1667 1214 1699 G
1230 1677 1264 1708 v,
1281 1670 1334 1699 13.

879 1708 1016 1749 Merces,
1029 1709 1194 1750 quicquid
1219 1710 1326 1750 copiis
1353 1709 1577 1742 auxiliaribus

922 1751 1085 1790 stipendii
1101 1752 1175 1782 loco
1191 1751 1293 1783 datur
1308 1752 1339 1781 G
1355 1752 1379 1792 i,
1393 1755 1446 1783 31.

879 1792 1006 1824 Merere
1033 1794 1148 1833 odium,
1175 1794 1321 1826 invisum
1362 1795 1437 1826 aliis
1466 1793 1579 1834 reddi,

922 1835 1025 1866 etiam
1053 1836 1161 1867 invito
1185 1837 1217 1868 G
1233 1838 1280 1877 vi,
1309 1840 1342 1869 5.
1365 1847 1482 1869 merere
1503 1837 1580 1879 (sti-

918 1876 1059 1917 pendia)
1073 1878 1106 1910 G
1118 1878 1178 1918 vii,
1192 1881 1244 1911 17.

874 1919 1001 1951 ΗΙείαία
1015 1924 1118 1951 castra
1131 1930 1220 1962 pass.
1239 1921 1271 1953 G
1288 1920 1362 1961 viii,
1379 1924 1432 1952 15.

874 1961 989 1992 Metiri
1003 1962 1156 1993 militibus
1162 1963 1361 2001 frumentum
1377 1964 1409 1996 G
1425 1963 1448 2005 i,
1461 1966 1524 2003 16.

873 2003 1010 2045 Milites,
1025 2005 1162 2045 pedites
1174 2005 1207 2037 G
1220 2015 1253 2047 v,
1269 2009 1321 2037 10.
1346 2007 1374 2038 C
1390 2006 1426 2047 ii,
1437 2009 1491 2038 41.

873 2046 1012 2078 Minime
1030 2057 1122 2088 soepe,
1152 2057 1230 2079 raro
1260 2049 1293 2080 G
1317 2049 1341 2088 i,
1366 2051 1397 2080 1.
1456 2048 1583 2081 minime

916 2099 1029 2130 omnes,
1043 2090 1145 2131 pauci
1161 2090 1194 2122 G
1209 2090 1234 2130 i,
1253 2093 1308 2122 29.
1332 2091 1421 2123 conl.
1437 2094 1492 2123 22.

874 2131 1034 2163 Minuere.
1057 2132 1102 2164 cf.
1126 2136 1231 2165 oestus.
1277 2134 1512 2165 Controversias
1523 2133 1582 2165 mi-

916 2183 1021 2215 nuere,
1035 2174 1195 2207 dirimere
1215 2176 1248 2208 G
1264 2187 1298 2217 v,
1311 2179 1366 2207 26.
1390 2176 1435 2218 vi,
1450 2179 1505 2209 23.
1527 2177 1578 2208 de-

918 2217 1044 2256 sidiam,
1059 2218 1183 2250 tollere
1199 2219 1232 2250 G
1248 2219 1296 2259 vi,
1311 2222 1365 2251 23.

875 2259 1077 2301 Minutatim,
1109 2260 1305 2302 singulatim
1334 2266 1372 2294 et
1397 2262 1493 2293 lente
1515 2259 1577 2293 Af.

876 2343 998 2375 Misera
1014 2346 1172 2386 memoria,
1188 2345 1298 2377 tristis
1316 2347 1349 2378 G
1364 2347 1436 2386 viii,
1451 2349 1505 2378 34.

876 2386 1041 2428 Miser-ari,
1056 2388 1169 2419 verbis
1181 2389 1345 2429 conqueri
1360 2394 1397 2421 et
1414 2391 1532 2429 lugere
1549 2387 1581 2420 G

919 2428 943 2468 i,
970 2432 1012 2461 39
1026 2441 1034 2461 :
1058 2430 1149 2461 unde
1171 2431 1344 2470 miseratio,
1374 2432 1496 2469 oratio,
1523 2430 1583 2461 mi·

920 2472 1137 2504 sericordiam
1152 2483 1367 2504 commovens
1383 2474 1409 2505 C
1423 2474 1446 2512 i,
1461 2476 1515 2504 85.

877 2513 990 2545 Missio
1016 2515 1060 2546 de
1087 2515 1262 2553 militibus,
1292 2517 1347 2547 der
1361 2515 1527 2555 Abu-hieu,
1553 2515 1582 2546 le

919 2556 1016 2595 conge}
1032 2557 1060 2588 C
1072 2557 1096 2597 i,
1109 2560 1162 2588 86.

877 2596 1010 2628 Mittere
1037 2609 1069 2629 se
1094 2601 1135 2629 ad
1164 2599 1281 2639 aliquid
1304 2600 1459 2639 agendum
1485 2599 1521 2631 H
1547 2601 1581 2631 9.

919 2639 1044 2670 mittere
1069 2640 1184 2681 (dare)
1210 2641 1336 2681 signum
1363 2642 1485 2673 timoris
1511 2641 1539 2672 C
1554 2642 1579 2682 i,

919 2683 974 2712 71.
1018 2682 1113 2714 missa
1127 2683 1251 2724 conjux,
1275 2684 1319 2716 de
1344 2684 1492 2717 divortio
1508 2683 1579 2725 Gi,

877 2765 1008 2799 Mobilis
1017 2766 1050 2799 in
1059 2768 1196 2801 consiliis
1203 2768 1373 2812 capiendis,
1384 2769 1578 2804 inconstans
