1872 3104
247 174 361 217 1962
711 185 752 215 c,
783 184 822 215 J.
855 182 1071 215 cAESAms
1104 181 1236 212 wrm.

247 280 286 316 ἐκ
304 280 416 328 μέθης
435 276 692 326 διεκρούσαντο
711 281 769 315 καὶ
789 280 1032 327 παρήλλαξαν
1065 277 1104 314 τι)
1139 278 1264 321 πάθος,
1295 277 1345 313 εἷς
1374 277 1446 321 ἕξιν
1475 276 1605 324 ἑτέραν
1631 279 1704 313 τοῖς

248 343 392 392 σώμασι
411 344 692 392 μεταπεσόντες.

793 530 828 572 C
843 530 884 572 A
900 531 952 572 P.
995 529 1151 571 XLII.

246 619 427 660 Pompeius
456 619 579 649 iterum
603 617 775 649 detrectat
793 619 960 658 praelium,
984 618 1151 648 ominibus
1167 627 1299 658 quoque
1317 617 1523 655 deterritus;
1547 616 1704 658 praesecti

286 672 359 711 ejus
376 680 503 702 summa
520 670 643 701 fidncia
665 671 840 701 victoriam
869 676 1020 711 sperant.
1067 671 1237 701 Numerus
1259 670 1401 701 militum
1429 675 1465 701 et
1489 670 1644 712 Pompeii
1669 676 1705 701 et

287 725 442 755 Caesaris.

294 808 355 846 Ὠς
375 808 406 846 δ’
424 811 475 846 εἷς
494 811 559 853 τὴν
585 808 806 857 Φαρσαλίαν
823 812 832 828 ¹
869 806 1102 858 ἐμβαλόντες
1131 809 1327 858 ἀμφότεροι
1356 807 1706 858 κατεστρατοπέδευ-

244 887 327 916 σαν,
348 873 367 909 ὁ
387 874 458 923 μὲν
478 872 671 923 Πομπήϊος
692 871 793 910 αὖθις
813 874 862 909 εἰς
883 872 946 909 τὸν
966 873 1128 921 ἀρχαῖον
1156 871 1372 919 ἀνεκρούετο
1387 871 1404 888 ²
1423 872 1608 920 λογισμὸν
1636 874 1703 916 τὴν

242 940 409 985 γνώμην,
432 938 485 973 ἔτι
506 939 565 974 καὶ
583 937 788 987 φασμάτων
802 937 814 958 ³
836 938 898 972 οὐκ
919 937 1052 972 αἷσίων
1073 938 1396 984 προσγενομένων,
1419 936 1478 970 καὶ
1497 936 1572 971 καθ’
1589 936 1705 971 ὕπνον

1537 1000 1545 1012 ἒ

243 999 374 1046 ὅψεως.
429 999 567 1037 Ἐδόκει
589 999 686 1050 γὰρ4
706 1001 839 1037 ἑαυτὸν
868 1001 958 1048 ὑρᾷν
986 1000 1028 1036 έν
1055 1003 1103 1050 τῷ
1123 1000 1258 1049 θεάτρῳ
1275 1002 1515 1048 κροτούμενον
1530 998 1597 1035 υπὸ
1615 998 1706 1036 Ῥω-

239 1067 375 1112 μαίων.
418 1063 470 1100 Οἱ
490 1062 529 1100 δὲ
548 1065 629 1113 περὶ
648 1064 760 1101 αὑτὸν
777 1063 868 1101 οὕτω
889 1066 1038 1112 θρασεῖς
1056 1061 1165 1108 ἦσαν,
1188 1064 1245 1099 καὶ
1266 1063 1305 1099 τι)
1323 1066 1457 1113 νίκημιι
1478 1068 1555 1099 ταῖς
1576 1063 1704 1100 ἐλπίσι

241 1128 511 1178 προειληφότες,
533 1130 624 1164 ὥστε
644 1130 868 1177 φιλονεικεῖν
888 1128 978 1175 ὑπὲρ
1003 1135 1063 1171 τῆς
1094 1126 1284 1174 Καίσαρος
1303 1127 1574 1176 ἀρχιερωσύνης
1592 1125 1704 1174 Δομί-

239 1192 345 1227 ’τιον5
369 1191 427 1226 καὶ
446 1189 634 1237 Σπινθῆρα
654 1192 713 1226 καὶ
746 1189 942 1234 Σκιπίωνα,
975 1188 1293 1239 διαμιλλωμένους
1320 1191 1514 1232 ἀλλήλοις·
1543 1193 1705 1238 πέμπειν

238 1252 279 1290 δὲ
305 1255 466 1291 πολλοὺς
500 1256 550 1291 εἷς
579 1254 723 1303 Ῥώμην
751 1256 1016 1303 μισθουμένους
1048 1255 1107 1289 καὶ
1135 1251 1566 1301 προκαταλαμβάνοντας
1591 1254 1705 1289 οἰκίας

238 1318 457 1354 ὑπατεύουσι
480 1319 538 1353 καὶ
561 1324 832 1365 στρατηγοῦσιν
860 1314 1099 1360 ἐπιτηδείους,
1120 1317 1164 1351 ὡς
1195 1312 1298 1351 εὐθὺς
1327 1316 1492 1363 ἄρξοντες
1519 1317 1614 1364 μετὰ
1641 1314 1706 1352 τὸν

238 1383 416 1430 πόλεμον.
473 1380 657 1417 ιλῘίιλιστα
678 1379 705 1417 δ’
726 1377 942 1429 ἐσφάδαὲον
969 1378 1003 1414 οἱ
1035 1378 1155 1415 ἱππεῖς
1178 1379 1238 1414 ε’πὶ
1257 1380 1322 1422 τὴν
1341 1382 1482 1428 μάχην,
1505 1381 1704 1428 ἠσκημένοι

237 1451 410 1494 περιττῶς
430 1445 556 1481 ὅπλων
574 1446 824 1494 λαμπρότησι,
854 1445 912 1479 καὶ
937 1447 1083 1493 τροφαῖς
1115 1441 1249 1485 ἵππων,
1282 1443 1341 1477 καὶ
1370 1442 1500 1478 κάλλει
1521 1441 1703 1490 σωμάτων

238 1511 341 1559 μέγα
361 1514 589 1558 φρονοῦντες,
620 1510 680 1544 καὶ
713 1507 775 1544 διὰ
809 1507 848 1544 τὸ
878 1509 1026 1551 πλῆθος,
1058 1507 1330 1556 ἑπτακισχίλιοι
1350 1505 1436 1553 πρὸς
1461 1507 1603 1555 χιλίους
1622 1504 1705 1542 τούς

237 1571 428 1620 Καίσαρος
450 1572 565 1609 ὄντες.
610 1569 689 1608 ἾΙν
723 1570 764 1607 δὲ
794 1573 851 1607 καὶ
884 1571 924 1607 τὸ
953 1577 1026 1607 τῶν
1054 1571 1181 1608 πεὲῶν
1213 1570 1349 1611 πλῆθος
1369 1569 1431 1605 οὐκ
1450 1569 1700 1618 ἀγχώμαλον,

237 1636 341 1671 ἀλλὰ
371 1635 662 1686 τετρακισμύριοι
696 1637 753 1672 καὶ
785 1638 1082 1685 πεντακισχίλιοι
1119 1633 1388 1682 παρετάττοντο
1416 1630 1617 1681 δισμυρίοις
1641 1632 1701 1668 καὶ

238 1696 469 1749 δισχιλίοις.6

898 1837 1042 1869 NOTAE

282 1913 295 1941 l
323 1910 373 1941 Εἰς
388 1910 446 1947 τὴν
461 1911 653 1953 Φαρσαλίαν]
676 1914 733 1944 Sc.
749 1913 852 1954 χώραν
869 1915 940 1945 sive

236 1959 330 2002 elsjrb
343 1960 516 2001 Φαρσάλιον
531 1962 644 1993 πεδίον.

278 2013 298 2040 2
321 2010 534 2051 Ἀνεκρούετο]
564 2013 693 2043 Reiske
720 2015 848 2045 mavult
874 2013 941 2044 ἀνέ-

236 2072 335 2101 κρουε.
381 2062 536 2103 Utraque
551 2061 659 2093 forma
673 2063 705 2093 in
723 2073 784 2094 usu
798 2069 862 2094 est.

278 2114 296 2142 3
320 2110 507 2152 Φασμάτων]
532 2113 585 2143 De
602 2113 722 2154 quibus
739 2113 854 2145 videas
870 2114 939 2155 Ap-

234 2162 369 2203 pianum
390 2172 427 2193 11.
443 2166 496 2193 68.

274 2215 294 2244 4
320 2213 436 2244 Ἐδόκει
462 2214 581 2254 γὰρη]
606 2215 730 2246 Manca
753 2215 826 2246 hmc
850 2225 936 2253 esse,

234 2263 345 2304 palam
375 2270 444 2294 est:
481 2275 555 2295 cnm
584 2265 616 2294 in
645 2265 763 2305 plausu
792 2265 871 2295 nihil
896 2265 939 2295 sit

233 2313 323 2351 diri3
372 2315 625 2355 petendumque
651 2315 695 2345 sit
725 2316 827 2346 dirum
857 2315 939 2346 iilud

233 2372 275 2394 ex
302 2364 359 2395 loci
389 2364 667 2403 circumstantiis,
692 2375 767 2405 qnae
796 2365 848 2395 hic
875 2375 940 2395 non

232 2421 424 2446 narrantur.
484 2415 552 2445 Alii
594 2425 634 2445 ex
667 2416 830 2455 Pompeio
863 2426 940 2455 snpu

231 2466 342 2507 pient,
372 2466 426 2496 alii
463 2466 624 2497 scholium
654 2471 789 2505 putant,
817 2466 936 2506 quibus

231 2516 368 2547 accedo.
417 2517 518 2546 Moses
541 2518 668 2547 Dusoul.
707 2518 757 2547 Ex
783 2517 937 2556 Pompeii

231 2567 301 2597 vita
317 2577 347 2598 c.
364 2570 416 2598 65.
433 2567 498 2598 hnc
517 2567 691 2608 pertinent
715 2568 806 2598 haec:
832 2569 888 2604 τῆς
903 2567 935 2598 δὲ

229 2616 338 2649 νυκτὸς
354 2616 436 2657 ἔδοξε
454 2618 534 2649 κατὰ
547 2617 618 2649 τοὺς
640 2617 749 2649 ὕπνους
765 2617 935 2658 Πομπήϊος,

996 1913 1038 1945 εἷς
1059 1913 1096 1944 τὸ
1124 1912 1251 1953 θεάτρον
1279 1910 1425 1942 εἰσιόντος
1452 1909 1556 1948 αὐτοῦ,
1580 1910 1700 1949 κροτεῖν

994 1964 1050 1995 τὸν
1065 1967 1171 2003 δῆμον,
1194 1963 1285 1994 αὐτὺ3
1303 1962 1336 1994 δὲ
1353 1963 1479 1999 κοσμεῖν
1495 1960 1574 2000 ἱερὸν
1589 1961 1700 2001 ’Appo-

994 2015 1078 2052 δίτης
1102 2013 1265 2054 νικηφόρου
1289 2014 1420 2044 πολλοῖς
1443 2011 1602 2051 λαφύροις.
1640 2011 1701 2041 Καὶ

992 2066 1033 2096 τὰ
1048 2065 1104 2103 μὲν
1126 2063 1255 2104 ἐθάῤῥει,
1271 2064 1311 2094 τὰ
1327 2064 1351 2094 δ’
1368 2062 1556 2102 ὑπέθραττεν
1573 2060 1667 2092 αὐτὸν
1681 2061 1700 2098 ἡ

993 2116 1072 2155 ὄψις,
1089 2114 1259 2153 δεδοικότα,
1275 2114 1317 2152 μὴ
1333 2115 1376 2152 τῷ
1388 2113 1473 2152 γένει
1487 2115 1531 2152 τῷ
1545 2111 1700 2153 Καίσαρος

993 2165 1034 2197 εἷς
1048 2165 1231 2205 Ἀφροδίτην
1245 2164 1390 2200 ἀνήκοντι
1406 2163 1478 2202 δόξα
1498 2163 1549 2194 καὶ
1562 2161 1700 2203 λαμπρό-

991 2228 1047 2254 της
1063 2217 1113 2247 ἀπ’
1130 2216 1224 2246 αὐτοῦ
1238 2214 1376 2254 γένηται.

1037 2273 1054 2298 5
1080 2266 1239 2307 Δομίτιον]
1258 2266 1326 2296 Int.
1345 2265 1383 2296 C.
1401 2264 1590 2296 Domitium
1606 2263 1698 2295 Ahe-

996 2318 1194 2357 nobarbum,
1218 2316 1484 2356 Pompeianum3
1516 2314 1698 2346 Lentulum

995 2368 1189 2407 Spinthera,
1213 2371 1248 2398 et
1272 2367 1354 2397 Luc.
1376 2366 1582 2406 Scipionem,
1598 2365 1698 2395 Pom-

997 2418 1063 2458 peii
1079 2426 1244 2447 socerum.

1035 2471 1055 2498 6
1090 2469 1145 2499 De
1174 2476 1314 2497 numero
1342 2465 1486 2496 militnm
1517 2464 1692 2504 utriusque

994 2519 1079 2549 aciei
1111 2517 1329 2549 consentiunt
1357 2517 1444 2547 Caes.
1475 2523 1529 2545 111.
1558 2515 1610 2544 88.
1639 2516 1692 2544 89.

992 2568 1084 2610 App.
1101 2577 1142 2598 11.
1156 2570 1210 2598 70.
1247 2567 1340 2598 Plut.
1356 2566 1478 2605 Pomp.
1493 2573 1524 2595 c.
1537 2565 1592 2595 69.
