1872 3104
659 219 989 251 LATINl'rATls.

141 317 189 356 iii,
206 318 257 348 13.

100 359 216 391 Pensio
231 356 288 390 Af.
303 358 356 388 90.

100 402 256 440 Penta-is,
295 394 456 436 πεντήρης,
485 395 736 438 quinqueremis
765 396 797 429 A

142 447 195 476 47.
239 439 295 473 Af.
321 442 374 473 62.
398 443 434 470 et
454 448 489 471 c.
510 442 564 470 63.
588 439 715 471 dicitur
741 439 798 471 illa

143 486 213 525 ipsa
226 478 458 524 quinqueremis.

100 527 165 558 Per
188 536 232 565 se,
259 525 331 564 ipse
355 523 389 554 G
408 533 440 563 v,
456 526 508 555 33.
552 534 608 564 per
622 524 798 563 concilium,

142 574 293 607 tempore
317 567 452 597 concilii
474 567 505 598 G
523 567 569 606 vi,
585 570 638 598 21.
681 577 738 606 per
751 567 797 607 fi-

140 611 208 640 dem
214 608 290 646 salli
306 609 337 640 G
353 609 376 648 i,
392 612 446 640 46.
483 619 538 649 per
552 618 660 640 manus
675 610 799 640 tradere

140 652 168 683 C
184 651 207 690 i,
222 653 276 682 68.
319 661 375 691 per
394 661 502 682 manus
523 651 707 692 (manibus)
732 654 797 682 tra-

138 693 210 724 here
223 693 254 724 G
274 694 318 732 vi,
333 697 385 724 38.

97 736 285 775 Pei-agitare
297 736 325 767 C
342 735 365 774 i,
380 738 434 768 80.
456 735 546 777 quod
558 735 638 768 alibi
654 740 720 777 est,
733 736 798 768 laos-

138 781 201 809 tem
212 788 364 818 premere.

96 820 270 861 Percipere.
286 820 354 852 vid.
370 829 455 851 usuS.

95 862 290 901 Perdiscere,
332 863 469 904 penitus
503 863 676 896 memoriae
706 872 798 895 man-

141 905 222 936 dare
238 905 269 936 G
287 904 333 944 vi,
351 908 402 936 1⁴.

97 947 272 979 Perducere
287 957 407 978 murum
422 947 453 979 G
471 948 493 987 i,
508 951 539 979 8.
574 958 625 979 res
644 950 685 980 ad
699 952 800 980 extre-

138 999 222 1020 mum
232 991 382 1030 perducta
397 1000 500 1021 casum
516 991 547 1021 G
565 990 611 1031 iii,
627 995 658 1022 5.

97 1032 292 1063 Perendinus
307 1033 373 1063 dies
390 1033 421 1064 G
439 1042 471 1071 v,
488 1035 542 1063 30.

98 1074 268 1112 Persorare
283 1084 391 1106 navem
405 1073 437 1105 A
453 1078 506 1106 25.

98 1116 302 1155 Persringere
316 1117 426 1157 aciem,
445 1115 594 1155 efficere,
610 1120 648 1148 ut
664 1116 801 1149 confer-

142 1159 202 1190 tim
218 1164 347 1190 stantes
363 1159 544 1190 discedant
560 1159 592 1190 G
609 1159 631 1198 i,
646 1161 700 1190 25.

98 1200 282 1232 Periclitari
295 1200 487 1242 (experiri),
519 1202 594 1242 quid
608 1202 722 1242 aliquis
734 1212 803 1242 pos-

138 1245 181 1274 sit
213 1244 245 1276 G
270 1245 329 1284 vii,
351 1247 404 1275 36.
449 1249 488 1275 ut
509 1244 681 1284 periculum
706 1245 805 1275 hostis

133 1286 254 1326 sacere,
279 1295 483 1326 cognoscere.
508 1287 610 1325 velle,
639 1287 802 1327 experiri,

141 1338 241 1369 quam
258 1329 390 1360 validus
406 1328 452 1360 sit
475 1328 506 1360 G
521 1329 545 1367 i,
561 1332 612 1360 40.
647 1329 701 1361 Cf.
717 1333 753 1360 et
769 1330 802 1361 G

141 1371 176 1408 ii,
187 1374 218 1402 8.
231 1370 262 1402 Α
276 1374 329 1402 13.
350 1371 525 1411 periclitari
534 1371 700 1410 fortunam
714 1371 742 1404 C
754 1372 803 1413 iii,

142 1416 196 1444 10.
220 1413 251 1443 A
269 1416 321 1452 16,
336 1416 389 1444 43.

98 1455 228 1486 Peritus
241 1455 373 1486 scientia
389 1454 447 1486 Af.
464 1459 517 1487 31.

99 1497 289 1529 Permittere
303 1507 335 1528 se
355 1497 390 1528 in
410 1501 597 1538 potestatem
618 1498 748 1537 alicujus
769 1498 802 1530 G

143 1541 180 1579 ii,
212 1542 243 1570 3.
285 1540 466 1581 permittere
485 1550 517 1571 se
546 1541 579 1571 in
605 1542 750 1581 aliquem,
767 1550 803 1572 se

142 1582 339 1621 immittere,
354 1582 483 1613 irruere
499 1582 531 1614 G
546 1582 617 1621 viii,
639 1586 691 1614 48.
730 1592 804 1623 per-

141 1625 268 1656 mittere
283 1626 358 1664 tela,
376 1634 482 1665 usque
507 1625 550 1656 ad
577 1628 706 1656 metam
727 1625 805 1657 mit-

144 1671 219 1698 tere
235 1667 267 1698 G
283 1667 354 1705 viii,
367 1670 401 1698 9.

101 1709 371 1749 Per-pendiculum,
406 1709 447 1740 ad
471 1709 723 1748 perpendicnlum
755 1710 806 1741 de·

143 1755 262 1782 rectum
277 1752 401 1790 tignum
416 1751 447 1782 G
465 1751 510 1789 iv,
527 1753 565 1781 17
570 1773 578 1781 .
596 1750 640 1783 cf.
655 1752 805 1783 derectus.

101 1794 284 1834 Per-peram,
296 1793 541 1834 imprudenter2
553 1802 612 1825 suo
623 1803 699 1825 cum
713 1793 806 1825 dam-

144 1845 187 1866 no
204 1836 238 1866 H
256 1839 307 1867 11.

101 1878 259 1919 Perpetua
272 1879 369 1919 sylva,
384 1878 546 1909 continua
561 1877 594 1909 G
607 1877 652 1918 vi,
669 1882 699 1909 5.
735 1888 806 1918 per-

141 1924 246 1962 petuoe
256 1922 418 1960 stationes,
434 1930 509 1962 quae
524 1930 559 1951 se
573 1920 715 1951 invicem
728 1930 807 1952 con-

145 1964 280 2003 tingunt
296 1964 323 1994 C
336 1963 359 2003 i,
374 1966 428 1993 21.
469 1966 636 2003 perpetuus
659 1963 694 1993 in
709 1963 806 2003 longi-

145 2006 286 2037 tudinem
299 2005 331 2036 G
349 2005 406 2044 vii,
419 2007 472 2036 23.

92 2048 317 2079 Persen-ibitur
342 2047 648 2079 Senatuscmzsultum
671 2046 700 2078 C
726 2047 750 2086 i,
772 2051 804 2078 5.

147 2099 179 2121 es
201 2090 282 2120 wir-d
303 2089 616 2129 niedergeschrz‘eben.
662 2089 717 2121 Cf.
743 2090 806 2121 Er-

150 2136 238 2163 nest.
255 2132 309 2163 Cl.
325 2133 396 2164 Cic.

106 2173 258 2214 Persequi
286 2174 376 2214 bellu,
406 2183 538 2215 gerere,
567 2173 806 2206 administrare

150 2216 182 2247 G
199 2216 270 2254 viii,
286 2219 316 2247 1.

106 2258 308 2289 Per-severare
318 2268 454 2297 cursum,
469 2255 668 2288 continuare
682 2256 741 2290 Af.
755 2260 807 2291 18.

108 2301 302 2331 Persuadere
314 2300 407 2331 alicui
419 2300 561 2340 praemiis
576 2299 609 2331 G
623 2300 672 2340 iii,
684 2303 736 2333 18.

107 2343 296 2414 Peli-&tendere
315 2343 355 2374 ad
392 2343 500 2382 locum,
527 2352 568 2374 eo
601 2342 809 2375 contendere

107 2427 306 2466 Perteutare,
323 2430 445 2459 exacte
460 2430 595 2458 tentare
611 2426 643 2458 A
656 2429 708 2458 17.

107 2469 284 2507 Pertinere,
298 2469 472 2509 Aquitania
484 2470 620 2510 pertinet
631 2471 671 2501 ad
681 2472 809 2507 montes,

151 2512 361 2551 extenditur,
401 2512 586 2552 porrigitur
623 2522 730 2554 usque
765 2512 808 2543 ad

129 2576 134 2583 .
150 2558 295 2593 montes,
318 2553 374 2594 qui
401 2554 474 2594 ejus
492 2554 627 2585 termini
640 2559 718 2585 sunt
738 2554 769 2585 G
785 2555 808 2593 i,

153 2599 183 2627 1.
208 2595 251 2635 vi,
267 2599 300 2635 3,
315 2599 344 2627 l.
369 2596 408 2627 C.
424 2596 473 2634 iii,
486 2599 540 2628 49.
575 2598 661 2636 sylva
673 2597 810 2637 pertinet

150 2637 304 2669 introrsus
319 2638 351 2669 G
368 2638 412 2677 vi,
434 2641 485 2669 10.
530 2638 584 2669 hoc
602 2639 741 2679 pertinet
763 2648 811 2669 eo·

152 2681 231 2719 dem,
244 2680 284 2712 fit
300 2685 359 2711 aut
375 2680 504 2711 dicitur
521 2681 641 2712 eodem
656 2680 810 2720 consilio,

156 2722 297 2754 eandem
313 2723 379 2754 vim
396 2722 501 2754 habet
517 2723 549 2755 G
567 2723 589 2763 i,
606 2726 656 2754 14.
680 2723 726 2763 iv,
741 2725 794 2753 11.

115 2763 226 2796 Petere
232 2764 346 2806 fugam
361 2766 393 2798 in
407 2766 506 2798 locum
521 2765 553 2798 G
575 2765 611 2807 ii,
634 2768 687 2798 24.
728 2765 810 2806 petit

1447 211 1546 253 1Χίίί

887 310 1150 352 propinquitatem
1163 309 1320 351 fluminis,
1331 311 1388 352 qui
1405 314 1491 346 solet
1505 316 1548 347 ad

889 355 981 395 ripas
996 353 1167 385 aedificare
1184 353 1216 384 G
1235 354 1279 392 vi,
1295 356 1348 384 30.

849 397 1015 436 Phalanga
1030 396 1058 427 C
1076 396 1110 435 ii,
1127 398 1178 426 10.
1216 394 1269 426 Cf.
1288 395 1412 427 Harles
1428 396 1461 427 iu
1479 397 1548 429 ind.

889 439 1060 470 Theocrit.
1076 438 1109 468 in
1127 448 1156 469 v.
1175 437 1352 477 ἐρείσματα.

849 481 995 512 Phalanx
1010 481 1041 511 G
1060 481 1082 519 i,
1095 483 1148 518 ⁶24,
1165 484 1217 510 52.

848 523 970 563 Pietas,
999 532 1092 553 amor
1117 523 1238 563 patria*
1269 522 1301 554 G
1330 533 1362 564 v,
1393 525 1447 554 27.
1499 523 1552 556 Cf.

893 567 964 598 Cic.
981 565 1023 596 de
1041 566 1169 596 invent.
1184 566 1213 597 G
1233 566 1266 604 ii,
1279 568 1332 596 22.

849 608 957 639 Pilum
983 608 1014 639 G
1045 609 1068 647 i,
1092 611 1143 639 25.
1190 608 1325 648 l’olybii
1351 611 1454 639 aetate
1477 608 1550 650 (hic

891 651 981 682 enim
1012 650 1195 690 descripsit
1221 652 1252 681 G
1276 651 1320 690 vi,
1345 649 1404 689 21)
1430 651 1553 682 hastile

892 694 1039 733 ligneum
1055 693 1156 724 trium
1170 693 1360 723 cubitorum
1372 692 1449 731 fuit,
1460 692 1553 725 ferro

892 736 1044 776 ejusdcm
1062 735 1282 775 longitudinis
1298 735 1347 766 ita
1361 735 1552 777 praefixum‚

893 783 931 809 ut
955 778 1081 809 ferrum
1106 778 1139 808 in
1167 777 1280 808 medio
1296 777 1409 808 hastili
1426 778 1554 819 incipe-

893 825 957 852 ret.
1017 819 1184 859 Vegetius
1221 819 1264 850 de
1291 828 1327 850 re
1362 829 1405 850 m.
1439 821 1464 859 i,
1501 824 1555 853 20.

892 873 955 904 pro
986 866 1176 903 temporum
1202 861 1404 893 diversitate
1427 862 1555 894 ferrum

894 906 1064 945 trigonum
1092 908 1127 935 et
1160 903 1285 944 pedale
1307 903 1412 935 fuisse
1437 905 1555 938 tradit.

892 947 984 978 Hinc
1002 946 1192 986 apparebit,
1209 955 1311 987 quare
1336 947 1425 987 apud
1443 948 1556 979 Caesa-

893 999 964 1020 rem
996 989 1028 1020 G
1055 989 1078 1028 i,
1104 991 1157 1019 52.
1201 989 1270 1029 pila
1294 988 1430 1030 abjecta
1454 990 1522 1022 sint
1537 1000 1557 1022 a

893 1031 1069 1062 militibus.
1116 1029 1166 1062 Cf.
1180 1031 1309 1063 murale.

851 1073 953 1114 Pizus,
971 1075 1091 1114 primus
1113 1074 1207 1114 pilus,
1221 1074 1349 1115 primus
1366 1074 1448 1105 ordo
1463 1074 1557 1116 (cen-

895 1116 1001 1157 turia)
1018 1116 1220 1154 triariorum,
1236 1117 1292 1157 qui
1308 1116 1385 1157 pilis
1401 1122 1557 1157 pugnant

896 1159 928 1190 G
945 1159 1034 1199 iii,5.
1058 1158 1126 1190 Sed
1153 1158 1185 1189 G
1201 1158 1235 1198 ii,
1250 1161 1303 1189 25.
1324 1160 1445 1199 primus
1461 1160 1558 1200 pilus,

896 1202 924 1232 si
940 1201 1040 1232 lectio
1057 1201 1144 1232 bene
1156 1200 1272 1240 habet,
1289 1200 1458 1241 significat
1470 1202 1557 1233 Cen—

896 1244 1067 1275 turionem
1084 1243 1185 1284 primi
1201 1244 1260 1284 pili
1273 1244 1318 1284 (C
1332 1244 1355 1282 i,
1374 1243 1430 1284 13)
1447 1254 1472 1275 S.
1488 1245 1559 1285 pri·

895 1286 1100 1327 mipilarem,
1124 1286 1158 1317 h.
1185 1295 1215 1317 e.
1240 1286 1489 1326 centurionem,
1504 1287 1559 1327 qui

893 1329 1027 1369 primum
1036 1328 1139 1369 pilum
1149 1329 1234 1359 ducit
1246 1328 1278 1360 G
1290 1339 1323 1367 v,
1334 1331 1386 1360 35.
1397 1328 1442 1360 cf.
1454 1330 1558 1360 etiam

896 1370 940 1402 ad
956 1370 988 1402 G
1005 1381 1038 1410 v,
1052 1373 1106 1403 30.
1153 1375 1190 1402 et
1201 1370 1243 1402 ad
1261 1371 1288 1403 C
1301 1371 1347 1409 iii,
1364 1374 1418 1404 64.
1455 1375 1491 1403 et
1505 1382 1554 1403 or-

895 1415 934 1444 do
947 1413 1078 1454 pm'mus.

854 1455 962 1486 Pinna
975 1456 1008 1487 G
1025 1465 1057 1494 v,
1072 1458 1126 1487 40.
1142 1455 1199 1492 vii,
1214 1457 1268 1486 72.

855 1497 978 1536 Plebes,
988 1498 1088 1538 plebei
1118 1498 1149 1529 G
1165 1499 1211 1537 vi,
1226 1499 1279 1529 13.

854 1540 953 1571 Plena
965 1541 1044 1579 legio
1061 1540 1092 1571 G
1108 1540 1156 1578 iii,
1172 1543 1204 1570 2.
1216 1538 1424 1580 (completa).

854 1582 951 1613 Plene
960 1582 1118 1623 perfectus
1132 1582 1164 1613 G
1179 1582 1227 1620 iii,
1244 1585 1276 1613 3.
1292 1583 1334 1613 de
1346 1581 1560 1614 aedificando.

898 1625 972 1656 Cic.
998 1625 1041 1656 de
1068 1624 1174 1655 divin.
1201 1624 1238 1664 ii,
1255 1627 1285 1655 1.
1342 1626 1430 1666 plene
1456 1635 1560 1656 cumu-

897 1667 1018 1708 lateque
1045 1666 1185 1707 perfecta
1222 1669 1362 1707 quoestz'u,
1398 1667 1488 1698 omni
1517 1678 1561 1698 ex

897 1715 998 1749 parte
1014 1709 1182 1741 absoluta.
1218 1710 1351 1740 Plenius
1365 1710 1484 1749 aliquid
1492 1720 1564 1750 per-

897 1752 1044 1790 scribere,
1055 1760 1179 1791 augere
1190 1750 1316 1790 verbis,
1328 1752 1451 1792 majus,
1460 1762 1562 1792 quam

898 1802 1019 1825 revera
1041 1797 1107 1833 est,
1122 1793 1316 1825 describere
1337 1793 1391 1825 Cf.
1409 1794 1441 1826 G
1466 1794 1491 1835 i,
1507 1797 1561 1826 53.

899 1835 946 1867 cf.
968 1836 1089 1877 inflate.

856 1878 1023 1909 Plumbum
1038 1878 1151 1917 album,
1164 1882 1321 1909 stannum
1338 1878 1370 1910 G
1386 1887 1421 1919 v,
1437 1880 1491 1909 12.

856 1921 981 1952 Pluries
999 1921 1026 1952 C
1042 1921 1066 1960 i,
1082 1923 1135 1952 79.
1151 1930 1184 1951 v.
1200 1925 1272 1951 not.

856 1962 936 1994 Plus
964 1963 1076 2002 minus,
1114 1962 1264 2001 circiter,
1289 1961 1437 1993 fortasse
1460 1963 1561 2003 paulo

899 2005 987 2045 plus,
1002 2010 1061 2036 aut
1076 2005 1178 2045 paulo
1194 2004 1302 2035 minus
1320 2005 1351 2036 G
1370 2004 1439 2045 viii,
1451 2008 1504 2037 20.

856 2046 998 2088 Pluteus,
1021 2057 1097 2079 cum
1114 2051 1168 2078 est
1187 2047 1346 2078 machina
1368 2057 1431 2087 per
1446 2057 1494 2088 se,
1508 2048 1562 2089 (ut

900 2091 929 2122 C
945 2091 983 2130 ii,
998 2093 1031 2121 9.
1063 2090 1184 2130 pluteos
1194 2089 1343 2120 abducere
1355 2091 1396 2120 ad
1408 2090 1505 2121 alium
1521 2092 1564 2121 lo-

899 2132 983 2174 cum)
1007 2136 1061 2164 est
1087 2142 1172 2172 opus
1195 2132 1320 2173 plexile
1337 2141 1355 2163 e
1372 2132 1565 2174 viminibus,

901 2185 967 2206 non
991 2175 1142 2206 absimile
1169 2174 1334 2214 cratibus,
1361 2184 1428 2216 quo
1453 2175 1565 2216 miles,

900 2227 1032 2248 murum
1068 2226 1281 2258 oppugnans,
1309 2222 1492 2258 contegere
1527 2227 1564 2249 se

901 2259 1047 2291 solebat.
1105 2260 1238 2300 Festus,
1280 2259 1402 2301 Plutei,
1441 2259 1565 2301 inquit,

900 2305 1002 2333 crates
1015 2301 1099 2332 corio
1118 2303 1213 2333 crudo
1238 2301 1381 2341 intentae,
1406 2312 1474 2342 quoe
1488 2303 1564 2333 sole-

901 2344 975 2375 bant
989 2344 1101 2384 adponi
1111 2343 1274 2383 militibus,
1283 2354 1358 2384 opus
1360 2344 1563 2382 sudentibus.

902 2387 1096 2427 Descripsit
1119 2387 1287 2428 Vegetius
1311 2386 1354 2417 de
1378 2396 1416 2418 re
1439 2396 1485 2418 m.
1512 2387 1559 2426 iv,

903 2432 956 2460 15.
1001 2429 1188 2470 rotulisque
1212 2428 1376 2469 subjectis
1405 2438 1462 2460 eos
1488 2437 1565 2469 pro-

901 2472 1032 2503 moveri
1045 2473 1196 2512 potuisse
1212 2471 1365 2502 tradidit.
1401 2471 1468 2502 Sed
1485 2479 1563 2501 cum

902 2514 1013 2554 plutei
1028 2513 1200 2544 adduntur
1215 2523 1241 2545 s.
1258 2513 1475 2552 imponuntur
1495 2513 1564 2542 val-

902 2556 937 2586 lo
954 2556 986 2587 G
1003 2557 1058 2595 vii,
1079 2558 1133 2596 41,
1157 2558 1211 2586 72.
1254 2555 1414 2585 videntur
1435 2554 1563 2586 tabulae

903 2596 1023 2637 fnisse,
1042 2598 1130 2628 vallo
1147 2597 1232 2628 tecti
1258 2597 1362 2627 instar
1382 2597 1563 2637 impositae.

904 2639 1001 2670 Idem
1027 2639 1168 2670 Festus:
1202 2639 1294 2669 Nunc
1320 2639 1415 2670 etiam
1441 2639 1565 2679 tabulae,

904 2680 1012 2721 quibus
1026 2681 1099 2721 quid
1114 2681 1312 2721 praesepitur,
1326 2682 1428 2712 eodem
1442 2681 1564 2712 nomine

905 2723 1047 2764 (plutei)
1062 2723 1218 2755 dicuntur.
1262 2723 1320 2754 Sic
1333 2723 1480 2764 ceperim
1495 2727 1563 2755 tur-

903 2766 987 2798 rium
998 2766 1120 2808 pluteos
1136 2766 1168 2799 G
1185 2765 1242 2807 vii,
1255 2768 1308 2799 25.
1323 2766 1356 2799 h.
1371 2775 1404 2799 e.
1416 2766 1561 2799 turrium
