1872 3104
789 143 1042 173 EPISTOLA.
1499 135 1614 178 2023

153 245 466 299 Episcopatum
504 239 709 287 Tarbam‚
750 236 896 278 sedem
938 236 1278 290 Episcopalem:
1316 237 1445 293 vulgo
1484 236 1614 279 Tarbe

150 312 200 353 de
261 309 455 364 flegon-e,
517 312 593 347 aut
636 303 828 359 Rigorre,
883 305 964 344 sub
1021 303 1249 357 metropoli
1297 302 1514 344 Ausccnsi
1572 308 1613 347 in

162 377 395 423 Vasconia,
435 386 591 426 nempe
628 372 739 412 ultra
770 371 1055 412 Garumnam.
1118 371 1197 412 Est
1221 371 1302 411 sub
1344 371 1613 414 Pan-lamento

150 446 388 487 Tolosano.

206 510 395 551 Dncatns
416 508 636 559 Allebreei‚
669 514 716 550 ut
746 521 881 562 supra
911 508 1119 556 diximus,
1143 507 1260 560 quod
1289 507 1340 547 de
1366 507 1613 550 Constanti·

147 580 295 633 nopoli
330 579 444 620 dixit
480 578 796 631 Hieronymus,
818 589 912 616 eam
940 575 1130 616 nuditate
1164 576 1353 616 omnium
1385 576 1613 616 civitatum

146 651 435 688 constructam
458 646 609 694 fuisse,
643 646 705 685 ita
737 643 932 684 nuditate
969 643 1267 697 proximarum
1301 643 1613 684 Seneschallia-

145 727 239 755 rum
262 714 533 766 compositus
552 716 620 753 est
638 716 725 752 tam
750 711 874 759 ultra,
904 724 1037 764 quam
1060 711 1167 751 citra
1192 709 1474 751 Garumnam.
1529 710 1614 752 Ca-

145 785 225 835 put
251 786 317 822 est
339 780 578 821 Nemeum.
629 779 768 819 Totus
793 778 991 818 Ducatus
1014 781 1080 817 cst
1100 778 1182 817 sub
1203 776 1481 817 Parlamento
1504 778 1614 819 Bur-

147 849 378 901 digalensi.

208 915 480 956 Lemovicium
501 914 727 964 (Limosiu)
749 912 1046 954 Seneschallia
1070 911 1395 966 comprehendit
1416 911 1527 953 duos
1555 912 1612 952 Ε,

144 985 416 1037 piscopatus‚
454 983 701 1024 Ratiastum
740 981 1037 1030 Lemovicum,
1085 978 1288 1033 Limoges,
1319 984 1361 1020 ct
1392 979 1610 1031 Tutelam,

149 1050 281 1092 Tulle.
333 1051 546 1105 Subjacet
567 1051 846 1091 Parlamento
868 1049 1192 1102 Burdigalensi.

204 1116 704 1173 Petrocorum(Pe1-igor)
726 1118 1019 1159 Scueschallia
1032 1118 1218 1158 continet
1234 1116 1347 1156 duos
1363 1115 1612 1169 Episcopa-

144 1192 229 1235 tus,
249 1186 501 1228 Vesunnam
533 1187 894 1236 paroemiorum,
921 1183 1162 1241 I'erigueus,
1185 1188 1226 1225 et
1247 1184 1478 1224 sarlatum.
1500 1186 1613 1226 Sub·-

137 1255 290 1308 jicitur
307 1254 582 1296 Parlamento
604 1254 926 1307 Burdigalensi.

207 1320 478 1362 Seneschallia
505 1321 755 1378 Agennensis
777 1323 967 1363 continet
985 1323 1097 1363 duos
1119 1321 1429 1375 Episcopatus,
1457 1333 1614 1375 nempe

143 1391 253 1431 citra
285 1389 553 1430 Garumnam
583 1390 804 1443 Aginnum
844 1390 1137 1443 Nitiobrigum
1167 1388 1342 1444 (Agen),
1381 1389 1494 1430 ultra
1524 1388 1614 1430 Ga-

144 1469 341 1498 rumnam
361 1457 669 1507 Commium,
692 1458 808 1511 quod
831 1458 1042 1510 peculiari
1069 1457 1243 1497 nomine
1263 1456 1423 1497 dicitur
1439 1456 1611 1497 Vasco-

143 1526 226 1566 nia.
289 1524 672 1575 Quemadmodum
704 1526 818 1565 enim
847 1524 1003 1565 Africa
1037 1524 1193 1565 dicitur
1230 1527 1327 1565 tota
1350 1524 1428 1564 illa
1457 1536 1612 1576 magna

143 1593 384 1642 continens,
408 1606 507 1645 quae
526 1597 648 1646 patet
678 1606 704 1633 a
726 1592 832 1633 Nilo
864 1591 921 1632 ad
943 1591 1108 1641 GadeS,
1131 1595 1173 1632 et
1193 1595 1340 1632 tamen
1366 1593 1411 1632 in
1441 1604 1494 1632 ea
1521 1595 1612 1632 erat

144 1660 383 1712 provincia,
418 1673 516 1713 quae
549 1661 823 1713 peculiariter
855 1659 1081 1700 dicebatur
1111 1658 1278 1709 Africa,
1310 1660 1354 1699 in
1383 1672 1471 1712 qua
1506 1658 1612 1700 Car-

143 1727 297 1780 thag03
330 1728 391 1768 ita
424 1727 650 1768 Vasconia
682 1726 857 1781 quidem
882 1726 1038 1767 dicitur
1066 1726 1338 1780 amplissima
1370 1727 1446 1767 illa
1476 1727 1610 1779 regio,

143 1807 244 1847 quae
285 1795 388 1835 olim
421 1799 583 1836 vocata
613 1795 693 1837 fuit
723 1795 1154 1849 Novempopulania.
1215 1795 1302 1836 Sed
1333 1795 1611 1848 peculiariter

143 1861 374 1903 Vasconia
394 1875 568 1916 quoque
598 1862 757 1904 dicitur
777 1864 820 1903 in
851 1876 902 1904 ea
934 1862 1234 1916 Episcopatus
1261 1862 1613 1903 Condomiensis.

143 1929 301 1982 {taque
352 1929 655 1971 Seneschallus
700 1930 970 1983 Agermensis
1015 1935 1146 1971 vocat
1187 1944 1236 1971 se
1284 1929 1610 1970 Seneschallum

143 1994 472 2048 Agennensium
490 2000 534 2038 et
561 1996 815 2048 Vasconiae,
835 1996 880 2038 id
912 2001 993 2047 est,
1014 1996 1258 2039 Condomii.
1317 1997 1432 2047 Quae
1455 1998 1609 2051 appel-

143 2062 251 2103 latio
277 2068 403 2104 vetus
428 2068 509 2105 est.
571 2064 691 2105 Nam
711 2066 979 2118 temporibus
1001 2065 1149 2119 Pipini
1175 2078 1316 2119 pagus
1339 2063 1610 2117 Agennensis

142 2129 257 2170 eitra
274 2128 541 2172 Garumnam
560 2136 603 2173 et
621 2132 735 2174 ultra
762 2133 1033 2174 Garumnam
1053 2133 1288 2174 dicebatur.
1349 2132 1505 2186 Itaque
1525 2132 1607 2172 sub

142 2195 304 2250 Pipino
335 2198 378 2238 in
397 2199 704 2240 vetustissimis
735 2199 975 2241 Annalibus
994 2200 1172 2241 refertur
1191 2199 1360 2254 pluisse
1390 2199 1604 2240 frumento

142 2264 191 2303 in
220 2276 336 2317 pago
367 2263 617 2318 Agennensi
646 2267 759 2308 ultra
782 2267 1073 2309 Garumnam:
1104 2268 1151 2309 id
1179 2272 1246 2309 est
1272 2269 1317 2309 in
1343 2280 1398 2308 ea
1418 2267 1606 2320 regione,

143 2343 246 2384 quae
265 2332 443 2386 proprie
472 2333 630 2375 dicitur
650 2333 890 2386 vasconia,
911 2336 956 2376 in
977 2348 1066 2390 qua
1097 2335 1405 2377 Condomium.
1451 2334 1607 2376 Senes-

141 2397 308 2438 challia
327 2397 600 2452 Agennensis
619 2402 818 2456 subjacet
838 2403 1148 2456 Burdigalensi
1168 2404 1461 2444 Parlamento.

145 2497 150 2504 .
205 2462 481 2506 seneschallia
508 2466 760 2509 Cadurcium
780 2468 977 2524 (Querci)
1002 2472 1194 2512 eontinet
1213 2470 1326 2511 duas
1358 2470 1605 2518 Dioecesoe5

144 2531 368 2574 Divonam
387 2533 690 2576 Cadurcorum
706 2534 916 2588 (Cohors),
936 2542 979 2579 et
1004 2537 1349 2579 Montalbanum.
1394 2535 1609 2591 Subjacet

143 2598 425 2643 Pal-lamento
443 2602 678 2645 Tolosam
