1872 3104
256 176 370 218 2068
714 181 965 213 mter-jusus
1005 181 1283 212 Ent'l'IONUM

261 307 311 311 —
343 282 495 334 Lipsiae.
519 287 553 320 8.
577 281 666 330 maj.
687 282 732 318 C.
750 281 840 319 Julii
869 282 1031 319 Caesaris
1050 280 1323 319 Connuentarii
1350 279 1399 316 de
1429 279 1528 317 bello
1553 282 1710 320 Gallico

314 354 353 385 et
373 346 485 385 civili.
514 345 714 383 Accedunt
737 345 839 382 Libri
855 343 903 381 de
925 344 1025 381 bello
1039 344 1306 388 Alexandrian,
1323 343 1502 380 Africano
1518 349 1555 381 et
1573 344 1712 395 Hispa-

310 411 440 449 niensi.
483 411 513 447 E
549 409 768 446 recensione
809 408 940 445 Franc.
990 408 1268 456 Oudendorpii.
1315 407 1471 444 Curavit
1507 407 1711 446 editionem

308 476 407 512 Sum.
439 474 499 510 Fr.
526 473 693 509 Nathan.
731 472 877 509 Morus.
911 472 1044 522 Lipsiae
1077 471 1180 521 apud
1215 471 1371 508 heredes
1400 470 1639 509 Weidmaun.
1675 479 1714 509 et

312 536 523 575 llcicliiuin.
581 534 741 571 Veiente
768 535 821 571 sic
854 535 1018 580 librario,
1038 541 1103 572 aut
1141 533 1270 572 nescio
1309 535 1421 583 cujus
1456 535 1616 572 hominis
1646 535 1714 572 im-

311 600 435 648 pulsu,
454 597 656 634 tectionem
679 597 1049 648 Oudendorpianani
1079 598 1210 641 dedit;
1242 598 1278 634 in
1313 598 1410 634 notis
1439 598 1579 636 criticis
1611 611 1713 648 saepe

309 663 358 699 ab
379 660 511 699 eadem
534 659 720 697 dissentit.
754 660 897 698 Praeter
915 661 987 699 ulia
1020 674 1065 698 ex
1097 661 1232 699 Ritteri
1264 661 1421 698 historia
1447 661 1650 698 Gallorum
1676 669 1715 700 et

309 724 542 763 Guiscliardi
562 723 664 760 libris
685 724 733 760 de
753 736 792 760 re
811 725 963 761 militari
984 733 1155 762 veterum
1192 725 1315 762 multa
1344 724 1505 762 Caesaris
1536 726 1621 763 loca
1648 739 1714 762 ex-

308 790 435 839 plicat.
470 787 628 837 Adjecit
648 786 816 824 indicem
837 787 1045 824 latinitatis.

265 859 360 895 1732
391 852 668 901 Norinibergae.
689 857 723 889 8.
744 863 806 900 ap.
831 850 973 900 megel,
1001 864 1045 887 ex
1068 850 1290 888 recensione
1318 850 1600 900 Oudendorpii‚
1623 864 1714 889 cura

311 916 426 954 Mori.
449 921 471 953 2
494 915 582 952 voll.

255 1005 306 1011 —
338 979 504 1030 Biponti.
529 985 563 1016 8.
588 978 678 1026 maj.
701 979 745 1015 C.
777 978 869 1015 Julii
899 977 1062 1015 Caesaris
1093 978 1238 1027 Opera,
1260 977 1308 1015 ad
1338 978 1503 1028 optimas
1528 978 1714 1017 editiones

305 1044 443 1080 collata
482 1042 618 1080 studiis
649 1042 853 1080 Societatis
892 1041 1124 1092 Bipontinae.
1167 1042 1335 1091 Biponti,
1373 1055 1417 1078 ex
1461 1042 1715 1093 typographia

311 1107 526 1145 societatis.
549 1112 571 1143 ⁴2
595 1105 683 1142 voll.

254 1195 305 1199 ψ-
335 1169 524 1220 Lugduni.
546 1175 609 1208 ⁴24.
631 1168 723 1218 maj.
746 1182 832 1206 cum
855 1169 954 1206 notis
976 1169 1155 1206 Gallicis.

259 1240 356 1277 1783
389 1233 618 1283 Mogontiae.
637 1239 673 1270 ὃς
704 1233 748 1270 C.
768 1233 857 1270 Julii
877 1233 1037 1270 Caesaris
1058 1232 1333 1269 Commentarii
1349 1238 1386 1268 ct
1407 1233 1715 1281 supplementum

309 1298 443 1336 incerti
463 1297 628 1334 auctoris
651 1297 700 1334 de
721 1297 825 1334 bello
856 1297 1025 1341 Gallico,
1056 1309 1103 1333 ex
1137 1295 1359 1333 recensione
1391 1296 1526 1332 Franc.
1559 1295 1716 1335 Ouden-

308 1361 445 1411 domii.
477 1362 519 1397 ln
542 1374 651 1398 usum
672 1360 893 1398 scholarum
909 1360 1116 1398 editionem
1135 1359 1283 1397 curavit
1303 1359 1398 1396 Phil.
1430 1357 1528 1396 Lud.
1551 1360 1670 1397 Hans.

260 1431 359 1467 17⁸4
388 1424 569 1461 Londini.
593 1430 651 1462 lQ.
672 1438 718 1461 ex
738 1425 800 1461 ed.
823 1425 947 1462 Mich.
968 1424 1178 1462 Maittairii.

264 1494 357 1530 1785
391 1489 523 1526 Fuldae
543 1496 580 1526 et
601 1489 852 1538 wirceburgi.
879 1495 915 1526 S.
937 1502 1001 1539 ap.
1024 1489 1170 1526 Stahel.
1195 1493 1216 1525 Q
1238 1486 1329 1523 voll.

307 1552 473 1589 Parisiis.
495 1559 532 1590 4.
554 1566 643 1590 cum
662 1565 759 1590 vers.
791 1552 956 1597 Gallica,
978 1559 1017 1589 et
1043 1551 1145 1588 notis
1165 1549 1329 1600 Turpini
1357 1548 1405 1585 de
1423 1549 1558 1587 Crisse'.
1581 1554 1603 1587 3
1626 1549 1712 1587 voll.

312 1616 455 1652 a-x’id.
477 1617 648 1653 verss.l1.
664 1630 702 1652 a.

260 1678 359 1722 17⁸6
387 1679 566 1716 Londini.
600 1687 635 1718 S.
667 1680 713 1716 C.
736 1680 826 1718 Julii
849 1679 1011 1716 Caesaris
1038 1676 1322 1715 Comnicntaria
1354 1676 1401 1713 de
1423 1675 1525 1713 bello
1547 1675 1713 1721 Gallico,

306 1756 394 1779 cuin
417 1743 587 1780 versione
608 1743 767 1792 Anglica
784 1744 821 1780 J.
841 1743 1016 1779 Towers.

255 1812 353 1848 1788
385 1806 561 1844 Londini.
594 1812 629 1844 8.
660 1820 747 1844 cuni
768 1806 1083 1856 interpretatione
1104 1813 1142 1843 ct
1159 1807 1256 1843 notis
1277 1808 1340 1845 Jo.
1361 1805 1533 1843 Goduini
1548 1805 1585 1841 iu
1602 1816 1712 1843 usum

308 1870 505 1919 Delphini.

259 1938 358 1976 1790
388 1933 564 1969 Londini.
603 1939 638 1970 8.
674 1934 718 1971 C.
746 1934 837 1972 Julii
870 1934 1030 1971 Caesaris
1052 1935 1182 1984 Opera
1217 1935 1357 1972 omnia.
1394 1932 1571 1978 Londiui,
1611 1931 1712 1982 typis

307 1995 582 2032 Jacksonianis.
619 2002 641 2034 2
676 1996 1012 2046 mlh—Sequitur
1045 2003 1192 2034 textum
1225 1998 1273 2034 ab
1305 1996 1586 2047 Oudendorpio
1619 2008 1714 2032 con-

309 2059 496 2096 stitutum.
530 2059 657 2096 Editio
677 2059 794 2096 nitida
810 2065 849 2095 et
868 2065 1057 2096 correcta.

255 2145 306 2149 —
339 2122 515 2159 Londini.
540 2128 575 2161 8.
598 2123 643 2160 C.
665 2123 756 2160 Julii
774 2123 935 2160 Caesaris
958 2124 1101 2172 Opera,
1123 2122 1291 2161 ediditJ.
1314 2125 1469 2161 Homer.

255 2209 304 2214 -—-
329 2185 506 2223 Londini.
529 2191 565 2223 8.
588 2187 778 2236 Excerpta
800 2187 978 2225 historica
998 2200 1043 2224 cx
1066 2188 1111 2225 C.
1128 2187 1232 2225 Julio
1254 2188 1420 2232 Caesare,
1441 2187 1492 2224 T.
1512 2187 1620 2225 Livio
1641 2189 1712 2226 Pa-

311 2249 455 2293 tauino,
471 2256 509 2287 et
529 2250 574 2287 C.
591 2251 708 2287 Corn.
725 2251 875 2288 Tacito.
934 2251 975 2288 In
998 2264 1106 2288 usum
1130 2251 1362 2288 scholarum.

262 2317 357 2356 1797
381 2314 586 2350 Varsoviae.
604 2319 638 2351 8.
653 2315 799 2352 C.Julii
820 2315 983 2352 Caesaris
1005 2315 1053 2352 (le
1072 2315 1174 2352 bello
1195 2315 1348 2353 Gallico
1369 2321 1405 2352 et
1416 2314 1537 2360 Civili,
1550 2327 1619 2352 nec
1635 2327 1710 2352 non

308 2375 466 2413 alioruin
488 2375 653 2414 debello
676 2378 950 2424 Alexandrino,
979 2379 1163 2416 Africano
1183 2386 1221 2416 et
1242 2379 1485 2429 Hispaniensi
1502 2384 1709 2417 comment.

311 2438 371 2476 Ad
392 2441 588 2490 exemplar
622 2441 890 2492 Oudendorpii
919 2442 1182 2480 recudendum
1209 2443 1368 2488 curavit,
1393 2442 1560 2480 indicem
1593 2441 1709 2479 histo-

308 2503 428 2540 ricum
445 2509 482 2540 ct
501 2505 798 2554 geograpliicum
818 2505 973 2554 adjecit,
994 2512 1032 2543 et
1048 2507 1164 2543 vitam
1187 2507 1384 2545 Caesarisa
1414 2506 1598 2544 Suetonio
1618 2517 1710 2541 con-

310 2565 489 2616 scriptam
511 2569 696 2617 praeniisit
723 2569 786 2607 Jo.
807 2569 950 2608 Christ.
973 2569 1075 2608 Frid.
1097 2570 1260 2609 Wetzel.
1283 2571 1443 2608 Varsov.
1461 2582 1523 2618 ap.
1544 2567 1679 2606 Wilke.
