1872 3104
251 195 363 237 1910
733 209 773 235 c.
804 207 839 239 J.
873 208 1088 240 cAESAms
1122 209 1253 239 vvrA.

250 307 349 354 χίας,
367 303 424 340 καὶ
446 305 583 340 πολλαὶ
612 304 686 342 ἀπὸ
719 314 781 350 τῆς
809 303 989 342 Ἑλλάδος
1008 313 1079 343 τῶν
1110 306 1257 344 πόλεων
1275 310 1472 357 μαρτυρίας
1494 307 1592 358 αὒτῷ
1610 321 1702 356 παρ-

250 371 378 418 έσχον.
437 366 483 404 Ὀ
501 369 572 418 μὲν
591 366 655 404 οὖν
674 367 917 415 Δολοβέλλας
942 371 1111 419 ἀπέφυγε
1131 372 1196 414 τὴν
1225 369 1340 416 δίκην·
1360 373 1372 393 ³
1403 373 1421 407 ὁ
1455 369 1496 407 δὲ
1530 370 1696 420 Καῖσαρ,

248 430 495 482 ἀμειβόμενος
514 434 580 475 τὴν
596 431 766 470 Ἐλλάδα
798 442 858 478 τῆς
887 436 1098 482 προθυμίας,
1122 437 1397 483 συνηγόρευσεν
1417 437 1507 487 αὐτῇ
1528 434 1700 471 Πόπλιον

240 495 449 533 ’Λντώνιον
467 493 643 548 διωκούσῃ
664 494 891 544 δωροδοκίας,
922 499 981 535 ἐπὶ
1005 498 1248 535 Λευκούλλου
1269 507 1331 536 τοῦ
1359 498 1550 548 Μάρκου,4
1574 498 1701 536 Μακε-

247 557 371 596 δονίας
391 563 610 607 στρατηγοῦ.
665 559 742 597 Καὶ
761 566 933 599 τοσοῦτον
952 564 1125 614 ἴσχυσεν,
1149 566 1241 600 ὥστε
1267 563 1330 600 τὸν
1349 563 1555 600 Ἀντώνιον
1575 565 1702 600 ε’πικα-

248 624 431 659 λέσασθαι
451 620 529 658 τους
549 620 771 673 δημάρχους,
794 626 1029 674 σκηψάμενον
1049 628 1111 663 οὐκ
1131 629 1235 677 ἔχειν
1255 628 1293 664 τὸ
1313 628 1398 664 Ιι’σον
1417 629 1459 664 ἐν
1477 630 1520 678 τῇ
1544 625 1700 665 Ἐλλάδι

247 687 331 731 πρὸς
341 685 543 729 Ἕλληνας.
599 686 664 722 Ἐν
683 686 723 723 δὲ
739 687 860 740 Ῥώμῃ
875 691 886 712 ⁵
917 693 1036 734 πολλὴ
1056 692 1127 740 μὲν
1147 692 1206 727 ἐπὶ
1225 695 1273 742 τῷ
1292 694 1393 742 λόγῳ
1414 694 1495 740 περὶ
1513 693 1574 727 τὰς
1594 707 1700 736 συνη-

248 751 373 796 γορίας
392 750 502 785 αὐτοῦ
534 750 639 800 χάρις
671 751 868 801 ἐξέλαμπε,
902 756 1023 799 πολλὴ
1055 753 1094 790 δὲ
1125 762 1186 798 τῆς
1217 757 1298 803 περὶ
1331 758 1393 793 τὰς
1427 754 1606 797 δεξιώσεις
1640 757 1700 791 καὶ

245 813 394 861 ὁμιλίας
413 814 676 864 φιλοφροσύνης
694 816 819 852 εὔνοια
840 820 939 865 παρὰ
954 825 1026 854 τῶν
1046 817 1213 867 δημοτῶν
1232 821 1393 864 ἀπήντα,
1410 822 1669 867 θεραπευτικοῦ
1682 816 1700 842 ⁶

245 879 327 924 παρ’
346 878 495 921 ἡλικίαν
515 879 629 916 ὄντος.
683 878 761 916 Ἠν
794 877 835 917 δέ
867 896 918 917 τις
949 883 1009 918 καὶ
1037 882 1110 918 ἀπὸ
1141 879 1302 919 δείπνων
1330 884 1388 918 καὶ
1419 884 1617 931 τραπὲἓης,
1640 884 1699 919 καὶ

243 943 336 978 ὁλως
355 947 414 985 τῆς
434 945 515 991 περὶ
534 945 599 987 τὴν
619 942 768 981 δίαιταν
786 946 1050 993 λαμπρότητος,
1071 946 1299 994 αὐξανομένη
1328 947 1418 981 κατὰ
1448 945 1575 993 μικρὸν
1601 947 1700 997 αὐτῷ

244 1002 394 1054 δύναμις
425 1008 476 1043 εἰς
508 1010 574 1052 τὴν
603 1010 828 1045 πολιτείαν.7
876 1007 952 1044 Ἢν
981 1008 1021 1045 τὸ
1049 1016 1191 1057 πρῶτον
1222 1009 1256 1045 οἱ
1285 1011 1515 1059 φθονοῦντες,
1539 1010 1701 1058 οἰόμενοι

243 1067 354 1118 ταχυ,
393 1076 463 1106 τῶν
500 1071 757 1120 ἀναλωμάτων
792 1073 1052 1116 ἐπιλιπόντων,
1089 1074 1257 1118 ἐξίτηλον
1296 1075 1460 1117 ἔσεσθαι,
1495 1074 1701 1121 περιεώρων

243 1134 431 1170 ἀνθοῦσαν
451 1135 492 1171 έν
511 1141 583 1173 τοῖς
603 1139 766 1173 πολλοῖς·
805 1138 874 1185 ὀψὲ
894 1136 922 1174 δ’
941 1139 1111 1192 ᾔσθοντο,
1133 1139 1299 1189 μεγάλης
1321 1140 1378 1175 καὶ
1401 1137 1700 1186 δυσανατρέπτου

245 1202 460 1247 γενομένης,
484 1201 540 1236 καὶ
560 1199 791 1248 βαδιέοὑσης
811 1203 976 1251 ἄντικρυς
1007 1203 1066 1240 ἐπὶ
1099 1205 1165 1247 τὴν
1197 1209 1268 1240 τῶν
1287 1203 1384 1240 ὅλων
1403 1202 1634 1252 μεταβολὴν,
1655 1205 1701 1239 ὡς

243 1259 421 1312 οὐδεμίαν
441 1264 562 1313 ἀρχὴν
582 1268 798 1314 πράγματος
817 1267 976 1313 ἡγητέον
995 1269 1142 1316 μικρὰν,
1170 1270 1215 1311 ἢν
1245 1268 1286 1302 οὺ
1312 1264 1408 1316 ταχυ
1424 1266 1437 1286 ⁸
1465 1270 1563 1302 ποιεῖ
1582 1269 1700 1315 μεγά-

241 1326 313 1369 λην
333 1325 371 1362 τὸ
393 1325 599 1378 ἐνδελεχὲς,
631 1329 670 1364 ἐκ
697 1337 760 1365 τοῦ
790 1332 1110 1379 καταφρονηθῆναι
1130 1330 1170 1366 τὸ
1189 1332 1239 1377 μὴ
1261 1332 1467 1374 κωλυθῆναι
1487 1327 1698 1376 λαβοῦσαν.

231 1386 285 1425 “O
304 1389 338 1436 γ’
355 1387 421 1426 οῦν
440 1396 576 1438 πρῶτος
592 1390 784 1429 ὑπιδέσθαι
804 1390 920 1430 δοκῶν
939 1394 1050 1430 αὑτοῦ
1071 1394 1129 1430 καὶ
1163 1391 1370 1444 φοβηθῆναι
1400 1398 1460 1435 τῆς
1489 1395 1695 1436 πολιτείας,

242 1455 362 1501 ὥσπερ
382 1456 581 1501 θαλάττης,
601 1458 646 1493 τὰ
665 1454 933 1504 διαγελιῖιντα,9
954 1459 1012 1494 καὶ
1031 1460 1098 1503 τὴν
1118 1458 1158 1494 ἑν
1173 1460 1220 1508 τῷ
1241 1459 1486 1508 φιλανθρώπῳ
1507 1458 1566 1493 καὶ
1585 1457 1703 1507 ἱλαρῷ

899 1567 1037 1600 NOTAE

999 1659 1051 1686 tos
1079 1655 1208 1686 diserte
1232 1653 1449 1685 defendendo
1476 1652 1618 1683 multum
1635 1649 1699 1682 sibi

997 1703 1148 1736 favorem
1176 1704 1399 1744 comparavit.
1447 1702 1607 1734 Pertinet
1634 1701 1698 1732 hnc

997 1764 1050 1786 ex.
1067 1765 1096 1786 c.
1114 1755 1223 1786 oratio
1240 1764 1303 1795 pro
1320 1755 1358 1785 L.
1376 1754 1499 1792 Cinna,
1526 1753 1580 1794 qui
1599 1752 1700 1793 Lepi·

241 1649 336 1681 cibus
384 1650 527 1683 devictis
563 1652 707 1685 Romam
748 1653 868 1693 redux,
911 1665 942 1685 a.

240 1700 318 1731 Chr.
341 1703 395 1732 77.
419 1701 650 1743 triumphavit.
696 1704 810 1735 Caesar
826 1705 942 1746 itaque

240 1755 400 1781 xxm*num
417 1752 556 1783 circiter
573 1763 695 1784 annum
712 1753 851 1794 agebat,
865 1764 942 1785 cum

239 1800 456 1831 Dolabellam
472 1803 737 1842 repetundarum
753 1808 941 1835 accusaret.

239 1849 291 1882 Cf.
318 1851 465 1882 Casaub.
492 1852 535 1882 ad
561 1853 655 1884 Suet.
682 1853 753 1885 Jul.
774 1856 806 1885 4.
858 1854 941 1884 Mox

237 1902 368 1932 mavult
391 1902 539 1933 Reiske:
574 1903 692 1935 πολλαὶ
713 1906 775 1935 τῶν
801 1903 861 1935 ἀπὸ
886 1906 939 1936 vel

237 1950 286 1980 ἐπὶ
301 1952 357 1987 τῆς
371 1950 460 1982 Ἐλλ.
477 1951 607 1984 πόλεων.

281 2003 299 2031 3
323 2000 479 2040 Ἀπέφυγε
494 2002 552 2038 τὴν
567 2002 667 2042 δίκην]
699 2003 868 2035 Absolutus
882 2009 938 2045 est,

236 2049 398 2082 defensus
413 2061 432 2083 a
447 2051 484 2083 C.
504 2051 585 2083 Aur.
605 2053 707 2084 Cotta
734 2059 769 2085 et
791 2055 836 2087 Q.
851 2054 938 2086 Hor·-

237 2102 356 2134 tensio.

279 2157 298 2186 4
321 2154 382 2185 Τοῦ
397 2153 536 2197 Μάρκου]
575 2156 792 2198 Intelligatur
808 2157 858 2188 M.
875 2157 938 2188 Te-

236 2209 323 2236 rent.
355 2206 464 2237 Varro
496 2208 667 2247 Lucullus,
697 2210 812 2248 (quem
844 2208 937 2239 Plut.

235 2264 302 2286 non
319 2256 392 2287 vult
408 2267 483 2288 cum
500 2257 538 2289 L.
557 2258 685 2289 Licinio
703 2259 843 2290 Lucullo
861 2269 938 2290 con·

236 2304 347 2347 fundi)
358 2308 416 2347 qui
433 2317 461 2338 a.
476 2308 555 2339 Chr.
569 2311 621 2339 73.
636 2319 711 2340 cum
723 2310 837 2341 Cassio
851 2310 937 2342 Con-

234 2357 284 2387 sul
301 2355 377 2396 fuit,
402 2363 439 2389 et
465 2363 534 2389 tum
561 2359 751 2391 Proconsul
777 2361 936 2392 Macedo-

235 2407 311 2439 niae.
359 2408 412 2439 De
430 2409 554 2440 Publio
571 2408 722 2441 Antonio
747 2414 782 2441 et
798 2421 936 2442 munere

235 2457 307 2498 ejus
323 2458 405 2489 nihil
419 2459 554 2490 memIni
570 2460 684 2501 legere
699 2471 707 2499 ;
741 2471 815 2502 quae
833 2462 895 2493 hoc
912 2463 934 2493 1.

233 2513 428 2549 narrantur,
465 2510 612 2542 moribus
643 2511 753 2542 Marci
785 2511 937 2550 Antonii,

234 2559 419 2591 Triumviri
447 2562 566 2601 patris,
583 2562 768 2593 avarissimi
795 2562 937 2594 hominis

232 2610 449 2641 conveniunt.

277 2662 296 2688 5
319 2659 371 2688 Ἐν
395 2660 427 2690 δὲ
450 2661 564 2703 Ῥώμῃ]
609 2662 747 2694 Reiskio
770 2663 936 2704 posthaec

235 2708 342 2738 verba
370 2709 490 2742 deesse
519 2712 655 2744 videtur
684 2712 758 2752 πρὸς
785 2712 936 2754 Καίσαρα.

235 2759 413 2790 Sententia
429 2767 479 2792 est
493 2773 500 2792 2
535 2762 654 2794 Roma:
672 2764 784 2795 Coesar
800 2774 937 2795 accusa-

996 1805 1076 1837 dum
1106 1810 1242 1837 secutus
1273 1809 1351 1846 post
1379 1804 1450 1845 ejus
1480 1808 1622 1834 mortem
1655 1802 1697 1833 ad

995 1855 1183 1887 Sertorium
1199 1854 1410 1896 confugerat,
1425 1854 1478 1885 cui
1500 1853 1646 1885 reditum
1666 1853 1697 1884 iu

995 1907 1141 1947 patriam
1157 1906 1318 1938 confecit.

1036 1960 1056 1987 6
1079 1955 1317 1996 Θεραπεντικοῦ]
1362 1956 1415 1987 Sc.
1442 1964 1525 1996 erga
1551 1954 1696 1995 plebem,

993 2006 1088 2046 cnjus
1102 2006 1253 2037 favorem
1266 2005 1370 2046 magis
1384 2015 1483 2046 quarn
1500 2005 1697 2045 projuvene

993 2056 1191 2087 venabatur.

1036 2109 1054 2136 7
1088 2105 1138 2136 Eis
1152 2106 1210 2143 τὴν
1224 2106 1346 2147 πολιτ.]
1390 2106 1457 2137 Suo
1484 2110 1638 2146 tempore
1664 2105 1697 2136 in

993 2159 1166 2199 republica
1182 2159 1340 2190 valitura.
1388 2159 1465 2199 Xyl.

1036 2212 1056 2240 8
1083 2208 1144 2239 Ἣν
1169 2209 1204 2239 οὐ
1230 2208 1326 2248 ταχὺ,
1343 2209 1427 2249 etc.]
1471 2208 1697 2249 Principium,

993 2259 1082 2300 quod
1099 2269 1164 2290 non
1190 2259 1258 2291 cito
1283 2259 1417 2290 assidua
1442 2262 1477 2290 et
1503 2258 1695 2290 vehementi

992 2310 1211 2341 contentione
1237 2310 1272 2340 in
1296 2319 1452 2350 magnum
1481 2308 1561 2350 quid
1589 2313 1697 2339 trans-

990 2360 1141 2400 ducitur,
1178 2360 1236 2391 sed
1261 2360 1425 2401 paulatim
1451 2359 1493 2390 ad
1510 2359 1626 2399 ‘majus
1649 2358 1698 2389 in-

990 2412 1127 2442 crescit.
1175 2412 1379 2452 conjectura
1409 2410 1488 2441 mihi
1517 2419 1583 2441 non
1611 2419 1695 2451 opus

989 2460 1136 2492 videtur.
1648 2462 1655 2468 '

1034 2513 1054 2541 9
1077 2509 1120 2540 Τὰ
1136 2509 1271 2550 διαγελ.]
1309 2510 1353 2541 Τὰ
1366 2508 1449 2549 διαγ.
1465 2510 1522 2547 τῆς
1536 2506 1694 2544 θαλάττης

991 2566 1043 2592 est
1061 2571 1122 2602 pro
1137 2562 1194 2599 τὴν
1210 2560 1369 2593 θάλατταν
1383 2562 1587 2601 διαγελῶσαν,
1611 2559 1644 2590 h.
1659 2569 1692 2589 e.

992 2612 1208 2652 tranquillum
1225 2618 1261 2643 et
1278 2611 1454 2643 blandiens
1470 2619 1573 2648 marc,
1590 2609 1691 2649 quod,

990 2670 1032 2692 ne
1048 2661 1142 2692 brevi
1158 2660 1371 2702 effervescat,
1393 2658 1609 2690 metuendum
1626 2663 1690 2689 est.

991 2711 1077 2742 Inde
1103 2715 1212 2751 patet,
1237 2711 1319 2752 qnid
1341 2710 1409 2741 sint
1432 2708 1472 2739 τὰ
1498 2708 1690 2747 διαγελῶντα

992 2762 1048 2798 τῆς
1061 2759 1228 2792 πολιτείας.
