1872 3104
269 183 364 224 lxvi

270 285 466 318 Frater-rien
483 286 514 318 G
533 296 565 326 v,
581 289 634 317 53.
671 284 759 316 idem
777 282 867 326 quod
883 284 974 315 terri-

313 333 374 361 tus.

271 371 473 409 Proturbare,
495 370 716 411 propellendo
740 377 911 402 removere
939 367 972 400 G

311 415 346 454 ii,
362 418 414 446 19.
438 419 475 444 ut
490 415 566 453 pede
580 413 763 453 proturbare
778 414 919 453 aliquem.

272 457 455 494 Proventus,
477 455 513 485 id
536 456 624 496 quod
641 455 693 493 fit,
716 456 854 493 accidit,
877 463 973 486 casus

311 500 339 531 C
357 501 392 538 ii,
408 500 461 529 38.
484 497 654 537 superioris
677 499 824 538 temporis
844 507 974 538 procen-

308 546 369 578 eu⁸‚
395 550 470 582 qnae
494 540 525 570 ei
549 544 649 571 antea
671 539 819 571 feliciter
850 549 972 571 evene·

311 587 390 614 rant
419 583 450 613 G
480 581 538 620 vii,
564 583 618 612 29.
661 581 718 612 Sic
743 592 796 613 res
818 583 972 623 provenit,

310 634 386 666 quae
411 633 575 665 prospere
602 624 718 661 cessit,
740 624 822 656 Tac.
841 625 930 656 Ann.
945 634 972 664 ι,

308 670 362 698 20.
396 667 453 698 nbi
470 665 606 697 Ernesti
631 665 788 705 quaedam
813 668 973 705 exempla

309 709 460 751 collegit.
504 707 573 740 Sed
598 707 631 740 G
660 708 717 748 vii,
740 711 793 740 80.
828 714 882 740 est
896 709 972 740 sim-

309 752 445 794 pliciter
461 756 619 783 eventus.

267 795 436 827 Prooidere
463 795 593 834 aliquid,
616 801 751 831 curare,
781 797 818 824 ut
835 792 925 825 adsit
941 793 972 824 G

310 838 346 877 ii,
362 840 394 869 2.
419 848 438 869 e
454 837 640 878 longinquo
656 836 774 867 videre
791 836 822 868 G
840 836 897 871 vii,
918 838 971 867 30.

266 881 451 912 Provinciae
466 878 640 918 (munera)
654 879 771 919 partiri
786 880 816 911 G
834 879 904 918 viii,
918 881 971 910 35.

266 924 438 954 I'rooolure
453 933 469 954 e
482 923 579 964 sylvis
595 921 626 953 G
644 922 679 961 ii,
700 924 749 953 19.

270 967 368 998 Proui
386 966 414 998 C
430 966 476 1006 iii,
492 968 546 997 61.

265 1009 430 1048 Proxime,
457 1009 498 1039 de
526 1013 681 1048 tempore
708 1007 885 1048 praeterito
913 1016 970 1038 nu-

309 1050 458 1091 perrimo
474 1050 506 1082 G
523 1051 545 1090 i,
561 1052 614 1080 24.

264 1093 434 1123 Proximus
449 1092 525 1133 (ad)
541 1102 625 1123 marc
642 1091 673 1122 G
691 1091 738 1130 iii,
755 1094 786 1123 7.

264 1135 430 1166 Ραὸίἰεανε
449 1136 606 1175 Regnum,
621 1135 696 1174 lege
712 1138 866 1175 ereptum
884 1133 970 1175 Regi

307 1177 485 1209 vindicare
502 1177 636 1217 Populo
656 1178 804 1208 Romano
829 1182 865 1208 et
889 1186 971 1207 aera-

308 1222 359 1251 rio
375 1220 534 1252 addicere
552 1219 579 1251 C
595 1220 629 1258 ii,
646 1222 699 1251 25.

264 1263 395 1295 Publice
417 1263 567 1304 polliceri,
593 1271 758 1293 consensu
783 1266 818 1293 et
836 1261 969 1293 nomine

308 1307 413 1337 totius
430 1305 577 1337 civitatis
595 1305 627 1337 G
645 1306 666 1344 i,
684 1308 735 1336 16.

263 1348 422 1387 Publicus,
438 1349 495 1389 qui
509 1357 649 1379 munere
665 1347 801 1388 publico
816 1346 970 1387 fungitur

306 1391 338 1423 G
356 1391 400 1431 vi,
416 1393 466 1422 13.
512 1391 539 1421 si
555 1400 637 1422 vera
650 1390 755 1421 lectio
776 1394 836 1421 est.
868 1389 970 1430 publi·

305 1444 384 1471 cam,
400 1433 557 1465 aerarium
575 1433 603 1464 C
618 1432 654 1471 ii,
670 1435 723 1465 18.

263 1477 399 1516 Pudens,
415 1475 626 1508 verecundus
642 1475 670 1507 C
686 1476 721 1515 ii,
737 1477 788 1507 31.

263 1519 423 1559 Purgatus
439 1519 543 1557 otiati,
561 1523 743 1549 excusatus
759 1518 790 1549 G
806 1518 828 1554 i,
844 1519 898 1548 28.

262 1561 367 1591 Pam«
383 1571 520 1601 campus,
543 1561 643 1592 nullis
661 1561 838 1592 arboribus
854 1559 968 1591 arbus-

306 1605 391 1635 tisve
406 1605 557 1636 consitus
574 1602 629 1634 Af.
648 1606 698 1634 19.

598 1730 629 1762 Q

263 1818 458 1854 Quadratum
472 1826 584 1855 agmen,
600 1815 632 1847 G
649 1815 717 1853 viii,
731 1817 763 1845 8.

263 1862 365 1896 Quam
393 1864 471 1890 ante
499 1859 697 1899 positivum,
724 1867 816 1898 quam
843 1858 906 1888 late
934 1857 966 1889 G

303 1904 349 1941 vi,
373 1906 426 1934 26.
469 1912 560 1942 quam
581 1902 700 1941 opimus
723 1901 756 1932 H
779 1903 832 1931 33.
876 1910 968 1941 quam

300 1955 444 1984 magnus,
458 1953 621 1984 perquam
633 1952 773 1982 magnus
786 1944 813 1974 C
828 1943 910 1982 i‚55.
923 1942 967 1973 cf.

303 1989 335 2020 G
353 1988 423 2027 viii,
440 1990 476 2018 11
511 1984 562 2017 Af
580 1989 634 2016 47.
657 1995 748 2025 quam
761 1985 918 2017 omissum
933 1985 966 2015 in

303 2029 558 2070 comparatione
589 2033 668 2068 post
696 2027 841 2067 amplius,
865 2028 967 2058 minus

302 2078 370 2104 etc.
399 2072 431 2104 G
458 2072 504 2111 iv,
530 2073 581 2102 12.
619 2070 689 2110 viii,
717 2073 756 2102 10
799 2071 825 2102 C
852 2071 901 2110 iii,
923 2073 966 2102 99

305 2115 363 2146 Af.
383 2117 482 2153 1,38.

263 2158 338 2197 Qui,
364 2158 391 2188 εὶ
418 2159 482 2197 qui,
510 2166 571 2197 pro
589 2155 708 2197 siquis
727 2155 757 2187 G
781 2155 804 2196 i,
831 2158 884 2187 48.
918 2157 965 2197 vi,

262 2243 358 2284 Quin,
373 2242 430 2284 qui
448 2251 526 2278 non,
544 2241 632 2283 quod
649 2251 715 2272 non
732 2239 761 2272 A
778 2244 810 2272 7.

262 2287 429 2322 Quincunx
447 2285 477 2316 G
496 2285 552 2324 vii,
574 2287 627 2316 Ta.
674 2284 714 2315 In
743 2283 852 2325 figura
870 2284 965 2325 quin-

303 2329 419 2361 cuncis
434 2328 579 2359 maxime
593 2331 767 2368 spectatur
780 2327 883 2358 series
894 2327 966 2367 plu-

302 2372 388 2403 rium
405 2381 530 2407 rerum,
557 2370 606 2401 ita
632 2370 795 2409 deinceps
819 2370 964 2401 colloca-

302 2419 426 2450 tarum,
452 2419 491 2444 ut
518 2412 644 2454 ubique
670 2411 778 2453 figura
801 2412 911 2444 literae
933 2413 964 2443 V

302 2455 483 2496 efficiatur,
521 2465 596 2497 quae
633 2460 686 2486 est
723 2460 804 2486 nota
834 2456 963 2487 numeri

303 2498 457 2541 quinarii.

262 2542 506 2581 Quoad‚‹10nec
524 2541 554 2573 G
572 2542 618 2580 iv,
635 2543 688 2579 11,
706 2544 758 2572 12.

261 2586 349 2620 Quod
370 2585 566 2623 nuntiarunt,
592 2585 671 2624 quod
686 2584 830 2614 haberent
860 2584 893 2615 11
909 2587 962 2616 36.

300 2629 378 2666 quod
401 2628 462 2658 uisi
488 2629 519 2659 G
548 2627 603 2665 vii,
630 2630 671 2658 88
707 2626 734 2657 Α
754 2630 805 2663 11,
828 2630 883 2665 27,
920 2630 961 2658 63

301 2670 358 2699 As.
396 2673 449 2701 26.
483 2669 695 2701 redundante
729 2671 818 2710 qunti,
854 2675 891 2700 nt
926 2671 961 2701 in

302 2713 380 2749 quod
395 2713 433 2742 si.
473 2714 567 2747 Quod
599 2724 679 2751 cum,
698 2723 764 2754 quii
780 2713 813 2743 iu
832 2723 868 2746 re
885 2723 961 2745 cum

303 2753 451 2793 enims
490 2756 592 2794 1120,
609 2758 660 2787 36.

928 189 1086 221 INDEX

1026 284 1104 314 Cum
1116 281 1264 324 primum,
1283 282 1379 315 simul
1397 291 1436 314 ac
1455 281 1486 315 G
1505 280 1541 320 ii,
1560 283 1592 314 2.
1606 282 1654 322 iii,
1669 288 1701 315 9.

1359 410 1393 442 R

1023 495 1166 537 Raptim,
1192 494 1355 527 celeriter
1381 496 1409 528 C
1436 496 1460 535 i,
1485 499 1518 526 5.
1552 494 1608 526 ubi
1626 494 1726 536 vulgo

1064 548 1100 568 ru
1125 538 1193 569 tim.

1025 549 1153 612 RuripG
1169 590 1204 619 v,
1220 582 1272 612 16.
1289 589 1414 621 oppon.
1431 580 1576 618 conserti.

1023 623 1120 655 Ratio
1136 623 1209 655 belli
1222 623 1408 664 (gerendi),
1434 623 1616 663 disciplina
1631 621 1727 654 belli·

1066 675 1108 697 ca
1123 666 1155 698 G
1173 666 1218 705 iv,
1236 669 1266 697 1.
1303 666 1455 697 rationem
1469 666 1563 703 inire,
1589 665 1726 696 modum

1065 709 1265 748 excogitare
1296 707 1326 740 G
1359 709 1417 748 vii,
1441 711 1494 739 24.
1539 708 1621 739 ratio
1649 707 1729 738 inse-

1065 751 1177 790 quendi
1202 750 1229 782 C
1254 750 1277 788 i,
1304 753 1357 781 80.
1401 761 1461 782 non
1478 751 1592 790 majore
1607 750 1728 780 ratione

1065 792 1279 832 (prudentia,
1287 792 1447 832 consilio)
1460 793 1570 824 bellum
1580 793 1727 823 adntiuis-

1065 835 1147 865 trurt'
1166 838 1271 874 poten
1299 834 1331 866 G
1359 835 1419 875 vii,
1445 838 1498 866 21.
1544 845 1581 867 ea
1595 835 1728 873 ratione,

1066 875 1144 908 ideo
1162 876 1193 908 G
1210 877 1232 914 i,
1249 878 1303 908 28.

1023 918 1132 958 Ratis,
1160 919 1274 950 trabes
1303 919 1431 960 plures,
1459 919 1492 950 in
1517 918 1631 960 pontis
1659 928 1727 950 mo-

1065 962 1144 993 dum
1174 962 1320 1002 junctae,
1358 962 1420 993 sed
1458 963 1559 994 nullis
1588 961 1728 993 sublicis

1065 1005 1166 1041 οἰκ-ει»,
1183 1009 1233 1043 ut,
1262 1005 1290 1035 si
1312 1005 1424 1036 nullus
1440 1014 1524 1045 pons
1540 1006 1574 1036 in
1590 1003 1729 1036 flumine

1065 1047 1121 1085 sit,
1147 1047 1201 1079 hic
1223 1048 1451 1086 temporarius
1468 1057 1553 1088 pons
1569 1047 1731 1078 immitta-

1065 1094 1120 1120 tur
1149 1099 1246 1131 aquae
1281 1094 1316 1120 et
1354 1089 1397 1121 ad
1435 1090 1580 1122 alteram
1618 1089 1726 1130 ripam

1065 1136 1258 1164 transnatet
1275 1131 1305 1164 G
1324 1132 1347 1172 i,
1368 1135 1402 1173 8,
1426 1135 1478 1164 12.
1503 1132 1548 1164 cf.
1564 1131 1639 1165 L'w.
1656 1132 1729 1171 xxi,

1023 1216 1190 1258 Receptus,
1221 1215 1369 1248 facultas
1395 1216 1593 1249 revertendi
1618 1216 1650 1249 G
1681 1217 1726 1254 ir.

1066 1262 1118 1291 33.
1155 1263 1313 1300 receptu*
1326 1259 1420 1291 habeo
1434 1261 1477 1291 nd
1490 1260 1636 1301 aliqum,
1652 1269 1728 1300 pos-

1063 1311 1136 1333 sum
1153 1311 1207 1333 me
1223 1301 1266 1333 ad
1281 1310 1358 1333 eum
1375 1301 1536 1334 conferre
1551 1303 1578 1335 C
1594 1303 1618 1344 i,
1635 1305 1667 1335 1.

1022 1344 1175 1376 Recidere
1197 1347 1300 1385 potest
1322 1352 1416 1376 cmc
1437 1345 1477 1376 ad
1505 1345 1648 1386 aliqum,
1671 1354 1728 1385 po-

1066 1391 1133 1418 test
1159 1387 1191 1419 ei
1214 1397 1268 1418 res
1287 1386 1459 1429 accidere,
1487 1388 1535 1419 rei
1550 1388 1727 1429 expositus

1064 1435 1117 1461 est
1133 1429 1166 1462 G
1181 1430 1244 1470 vii,
1260 1433 1292 1462 1.

1020 1472 1172 1515 Recipere
1185 1482 1230 1515 ee,
1249 1473 1337 1504 vires
1352 1472 1529 1513 colligere,
1552 1471 1595 1504 de
1612 1474 1727 1505 saucio

1065 1514 1098 1547 G
1126 1515 1175 1556 iii,
1198 1515 1231 1547 4.
1257 1514 1403 1546 animum
1431 1515 1591 1555 colligere
1618 1517 1650 1547 G
1680 1517 1728 1551 iv,

1061 1560 1115 1590 27.
1138 1562 1179 1589 ut.
1192 1558 1329 1598 recipere
1343 1567 1376 1588 se
1389 1567 1428 1588 ex
1440 1567 1555 1597 pavore
1571 1557 1603 1590 G
1620 1559 1658 1600 ii,
1673 1561 1725 1590 12.

1061 1600 1107 1639 iv,
1131 1601 1185 1632 ⁸4.
1230 1610 1270 1631 ex
1283 1600 1371 1640 fuga
1398 1600 1430 1631 G
1459 1600 1496 1639 ii,
1513 1602 1565 1632 12.
1588 1601 1644 1642 vii,
1670 1604 1726 1641 20,

1062 1647 1128 1674 etc.
1161 1642 1298 1683 recipere
1310 1642 1455 1681 defessos,
1471 1651 1639 1683 recreare,
1655 1644 1728 1674 δινα-

1061 1683 1233 1722 λαμβάνειν
1256 1686 1284 1717 C
1307 1685 1330 1724 i,
1352 1687 1406 1716 45.
1450 1694 1501 1715 res
1521 1685 1633 1726 recipit
1654 1687 1728 1727 (ad-

1062 1727 1177 1767 mittit,
1204 1726 1314 1768 capit)
1329 1737 1444 1765 mmm,
1467 1732 1582 1767 potest
1597 1729 1727 1761 exitum

1062 1769 1096 1801 in
1113 1774 1293 1811 utramque
1316 1775 1449 1811 partem
1474 1770 1600 1803 habere
1624 1772 1652 1804 C
1678 1772 1726 1812 iii,

1062 1815 1116 1844 51.
1138 1822 1189 1844 res
1203 1813 1315 1852 recipit
1331 1814 1442 1843 multos
1456 1822 1556 1853 casus,
1571 1815 1727 1855 exposita

1061 1859 1115 1886 est
1131 1855 1244 1887 multis
1260 1855 1551 1887 vicissitudinibus
1574 1857 1602 1889 C
1624 1857 1648 1897 i,
1671 1860 1725 1889 78.

1060 1898 1198 1939 recipere
1213 1898 1314 1929 etiam
1331 1902 1399 1937 est,
1422 1898 1456 1929 iu
1479 1907 1516 1929 se
1539 1900 1727 1941 suscipere,

1062 1941 1216 1981 polliceri
1245 1941 1273 1972 C
1303 1941 1351 1978 iii,
1380 1943 1432 1971 1⁷.
1461 1941 1548 1972 unde
1576 1941 1604 1973 C
1627 1942 1676 1983 iii,
1693 1946 1725 1975 8.

1058 1983 1174 2024 recipio
1188 1984 1294 2022 alicui,
1309 1983 1441 2024 recipio
1456 1983 1489 2014 in
1505 1992 1572 2024 me,
1592 1993 1647 2016 me
1662 1985 1725 2016 ali-

1059 2025 1112 2056 cui
1137 2025 1264 2068 aliquid
1288 2026 1535 2067 praestiturum,
1561 2028 1724 2067 promitto

1058 2068 1173 2099 alicui.

1015 2110 1258 2150 Reconcinnare,
1306 2111 1456 2151 collapsa
1502 2110 1723 2152 reaedificare‚

1059 2154 1165 2184 ruinae
1184 2153 1398 2185 detrimentis
1415 2153 1546 2185 mederi
1562 2153 1591 2186 C
1606 2155 1640 2194 ii,
1670 2158 1721 2186 15.

1058 2197 1185 2237 Synon.
1202 2206 1230 2228 c.
1250 2199 1301 2228 16.
1318 2201 1382 2235 est,
1396 2196 1532 2237 reficere.

1018 2238 1179 2270 Redemtio
1200 2240 1401 2278 sacramenti,
1423 2248 1500 2270 cum
1521 2238 1643 2282 aliquis
1666 2249 1724 2272 ne-

1059 2282 1253 2313 cessitatem
1271 2281 1438 2313 militandi
1454 2281 1590 2313 redimit
1606 2281 1637 2314 Α
1655 2286 1708 2314 56.

1016 2325 1173 2363 Redigcre
1189 2324 1367 2365 (reddere)
1391 2323 1550 2366 infirmum
1567 2325 1603 2356 Ο
1616 2325 1661 2363 iv,
1680 2328 1721 2357 '³-

1058 2372 1097 2399 ut
1112 2368 1253 2407 redigere
1268 2367 1341 2408 quid
1355 2367 1456 2406 facile
1470 2377 1487 2398 e
1500 2367 1619 2409 difficili
1636 2368 1668 2401 G
1686 2368 1720 2407 ii,

1057 2413 1110 2442 27.
1154 2410 1257 2450 redigi
1271 2409 1424 2452 (repelli)
1446 2410 1479 2441 in
1495 2414 1598 2442 castro
1613 2411 1647 2443 H
1666 2413 1718 2442 15.

1057 2458 1096 2483 ut
1112 2454 1214 2492 redigi
1230 2454 1262 2484 in
1277 2453 1421 2494 oppidum
1436 2453 1470 2484 H
1487 2455 1541 2484 34.

1014 2495 1180 2527 Redimere
1209 2497 1222 2537 ζ
1226 2496 1356 2537 emere)
1384 2496 1557 2527 amicitiam
1591 2492 1717 2533 alicujus

1055 2542 1155 2570 morte
1169 2540 1299 2571 alterius
1312 2539 1343 2571 G
1360 2539 1383 2578 i,
1398 2542 1450 2570 44.

1014 2582 1244 2621 Redintegrare
1257 2582 1395 2613 animum
1411 2582 1443 2614 G
1456 2581 1491 2620 ii,
1503 2583 1556 2617 25,
1568 2581 1621 2610 27.
1644 2580 1701 2610 red
1705 2597 1714 2602 -

1055 2625 1215 2665 irdegrare
1228 2626 1331 2666 copias
1344 2626 1530 2662 deminutae,
1556 2623 1715 2662 supplere

1056 2668 1088 2699 G
1105 2669 1164 2704 vii.
1180 2671 1234 2699 31.

1014 2711 1130 2742 Redire
1144 2712 1184 2742 ad
1203 2710 1338 2751 gladios,
1365 2718 1423 2740 eos
1439 2706 1604 2749 stringere
1622 2707 1648 2738 C
1666 2706 1714 2746 iii,
