1872 3104
269 171 395 212 lxviii

302 280 394 311 Hinc
422 278 517 310 miles
543 278 619 308 dicit
644 278 867 307 sacrmncntum
885 277 912 307 C
923 275 957 318 Ιί,

303 325 357 354 23.
383 325 442 352 aut
467 320 666 361 (secundnm
693 319 791 359 alios)
819 319 896 349 dicit
911 329 958 350 sa-

300 366 454 396 cramento
477 363 504 394 C
528 364 550 402 i,
576 366 628 394 86.
652 363 684 393 Ιι.
702 372 730 392 e.
759 361 959 401 interposito

301 410 513 438 sacramento
535 405 633 443 dicit,
656 415 691 435 se
707 414 779 435 esse
796 403 883 435 velle
901 403 959 434 mi-

301 447 406 488 litem,
421 457 480 479 seu
497 457 562 477 uno
579 447 694 485 verbo,
710 447 816 487 jurat.

257 492 419 532 sagulum,
436 499 550 529 sagum
568 490 599 520 G
617 499 649 525 v,
672 492 724 520 42.
770 488 960 519 Vestimen-

302 540 374 565 tum
391 532 548 569 militare,
563 531 652 571 quod
669 531 792 562 ceteris
810 531 959 562 vestibus

300 573 619 616 superinduebatur.

257 619 377 653 Salum,
393 624 486 647 mare
505 614 561 646 Af.
577 618 630 646 46.

257 659 399 697 Sancire‚
425 658 556 689 munire
580 667 662 695 rem,
689 656 742 686 vel
758 655 866 696 poenis
881 666 960 687 con-

301 701 495 740 stituendis,
534 700 586 731 vcl
627 698 848 739 jurisjurandi
883 699 960 729 reli-

301 745 415 785 gione,
437 748 476 774 ut
492 748 567 774 rata
583 742 639 780 sit,
667 751 687 772 a
703 741 835 772 nemine
852 745 960 771 mute-

301 792 358 818 tur
373 786 404 818 G
421 787 443 825 i,
457 789 510 817 30.
553 787 691 815 sanctum
704 783 900 825 (sancitum)
915 784 960 813 le-

303 829 401 870 gibus
418 829 448 860 G
466 829 512 867 vi,
528 831 580 858 20.

258 871 398 911 sanitas,
414 881 496 903 sana
511 881 604 901 meus
621 870 653 901 G
670 870 693 908 i,
709 871 760 900 42.

257 915 403 946 Sar-cina.
448 913 491 945 cf.
519 913 585 944 sub.
617 911 798 943 sarcinaria
818 910 961 948 J'umcnta

303 958 330 989 C
347 957 369 997 i,
384 960 435 988 81.
475 956 604 987 sarcina*
619 955 773 996 legionum
788 952 847 985 Af.
864 957 916 985 69.

258 999 424 1037 satagere,
441 999 526 1030 bene
543 998 683 1029 inultum
699 997 854 1028 laborare
870 997 903 1026 in
925 1006 960 1027 re

302 1041 433 1073 difficili
450 1041 509 1072 Af.
525 1044 579 1072 78.

256 1083 446 1122 Satissacere
460 1084 567 1120 alicui,
581 1090 744 1113 excusare
761 1091 797 1111 se
813 1080 911 1111 alteri
929 1080 961 1111 G

300 1127 323 1166 i,
338 1129 391 1158 41.
415 1137 447 1165 v,
464 1129 519 1157 54.
541 1135 581 1156 ea
597 1125 647 1155 uti
663 1122 875 1162 defensione,
895 1133 962 1164 qua

301 1169 389 1201 alter
401 1168 587 1210 acquiescit
618 1166 649 1198 A
665 1169 707 1197 69
731 1165 765 1197 H
781 1169 834 1197 22.

257 1211 439 1249 Satissactio
455 1217 508 1243 est
519 1221 646 1249 eorum,
658 1208 715 1250 qui
730 1209 780 1239 sni
796 1208 962 1249 purgandi

300 1264 402 1286 causa
417 1255 547 1295 legatos
563 1253 726 1284 miserant
738 1251 769 1282 G
786 1251 830 1290 vi,
844 1254 876 1282 9.
913 1261 961 1281 sa-

298 1297 508 1336 tisfactionem
518 1297 666 1336 accipere,
678 1294 897 1325 excusatione
909 1304 962 1324 ac-

302 1340 479 1381 quiescere
495 1340 527 1371 G
545 1340 567 1378 i,
581 1342 632 1369 41.

257 1382 381 1423 Scapha
395 1382 493 1422 naris,
506 1383 562 1413 (Ias
578 1380 707 1412 Boot'G
721 1380 766 1419 iv,
781 1382 834 1410 26.

258 1425 365 1456 Scelus
379 1425 537 1464 concipere
552 1425 584 1454 in
599 1433 630 1454 se
647 1424 674 1455 C
690 1423 714 1463 i,
727 1425 780 1454 7-1.

257 1467 406 1499 Scindere
421 1468 547 1507 vallum,
575 1466 683 1497 vallos
702 1464 816 1505 aggeri
833 1474 858 1495 s.
875 1463 963 1494 vallo

302 1509 422 1541 infixos
439 1510 616 1550 revellere,
641 1513 680 1539 ut
709 1509 761 1538 via
787 1511 905 1548 pateat
929 1506 961 1537 G

302 1553 352 1590 iii,
369 1557 399 1583 5.
418 1563 451 1591 v,
467 1556 520 1583 51.

258 1594 414 1626 Scindulae
430 1596 462 1626 G
479 1594 549 1635 viii,
572 1596 626 1624 42.
642 1597 720 1623 sunt
737 1591 875 1623 tabellae
901 1590 962 1631 lig-

302 1648 387 1676 neae,
400 1638 520 1679 quibus
538 1641 630 1667 tecta
646 1635 769 1666 aedium
785 1634 895 1665 solent
912 1638 962 1664 te-

303 1681 336 1721 gi
362 1679 409 1720 (e.
426 1690 456 1710 c.
480 1679 659 1715 Schindeln,
681 1676 830 1717 Spiilme).
875 1675 962 1706 Scri-

301 1722 396 1753 bitur
412 1722 516 1763 etiarn
531 1721 696 1752 scandula.

258 1764 366 1806 Scopae
382 1763 440 1795 Af.
456 1766 510 1795 47.

259 1807 400 1848 Scorpio,
416 1806 570 1838 machina
584 1804 710 1836 bellica
726 1804 758 1836 G
772 1803 828 1844 vii,
838 1806 877 1834 25
905 1801 962 1833 Af.

303 1853 356 1881 29.
383 1853 438 1880 31.
483 1848 600 1889 scorpio
626 1851 700 1878 ante
725 1849 828 1877 castra
846 1846 964 1887 positus

258 1934 379 1973 Scrobs,
395 1933 493 1965 fovea
509 1933 541 1964 G
557 1933 613 1973 vii,
629 1935 684 1963 73.

258 1977 387 2008 Scutula
402 1977 429 2008 C
446 1977 492 2015 iii,
505 1978 559 2006 40.

258 2018 411 2051 Scutum:
435 2019 506 2059 cjus
521 2015 690 2048 formandi
706 2016 791 2047 ratio
808 2015 839 2047 G
856 2015 892 2054 ii,
909 2018 960 2046 33.

305 2062 376 2102 ejus
392 2065 590 2101 tegumenta
604 2059 636 2091 G
654 2059 688 2098 ii,
703 2061 756 2089 21.

259 2103 364 2136 Sec-tio
381 2104 412 2135 G
429 2105 464 2142 ii,
480 2106 534 2134 33.
551 2101 597 2134 cf.
621 2111 740 2132 corona.
780 2140 783 2143 .

259 2146 391 2178 Sectura
405 2145 582 2187 oeran'a,dc
594 2144 722 2175 metalli
738 2143 851 2174 fodina
867 2143 898 2175 G
915 2143 962 2181 iii,

257 2230 467 2272 Sec-undantis,
493 2230 651 2263 secundae
666 2229 807 2270 legionis
821 2229 917 2260 miles
932 2228 964 2259 A

259 2315 462 2348 secundiores
476 2326 526 2347 res
542 2315 572 2347 G
590 2315 611 2355 i,
629 2317 681 2346 14.
711 2314 871 2346 sccundius
882 2323 963 2354 proe-

302 2360 378 2390 lium
393 2360 424 2391 G
443 2359 479 2398 ii,
494 2362 526 2389 9.

259 2399 434 2433 Secundum
447 2399 570 2442 (pone)
586 2400 705 2430 radices
716 2399 829 2430 montis
841 2398 896 2429 Af.
908 2401 962 2430 41.

305 2449 342 2475 et
355 2455 412 2476 sec.
427 2444 518 2475 littus
532 2443 613 2474 ibid.
629 2443 662 2474 G
678 2443 700 2482 i,
716 2445 748 2472 7.
761 2451 820 2472 sec.
829 2441 963 2481 fiumen,

305 2487 348 2518 ad
367 2488 456 2527 ripas
471 2485 617 2517 fluminis
637 2487 692 2526 (an
711 2486 780 2516 dem
800 2483 878 2522 Ufer
893 2483 964 2524 hin)

305 2530 339 2564 G
356 2530 391 2567 ii,
408 2532 460 2560 18.
482 2529 540 2567 vii,
556 2531 609 2559 34.
631 2538 692 2559 sec.
708 2537 792 2558 mare
808 2528 835 2558 C
847 2526 895 2566 iii,
910 2530 963 2558 65.

301 2582 355 2604 am
372 2573 478 2603 Meere
493 2571 563 2602 hin.-
587 2575 625 2601 ut
647 2580 705 2601 sec.
732 2579 819 2601 oram
843 2569 964 2600 mariti-

302 2625 386 2646 mam
402 2614 457 2647 Af.
475 2617 506 2645 3.
534 2615 699 2645 secundum
713 2622 762 2651 ea,
779 2616 858 2653 post
873 2621 913 2643 ea
930 2612 963 2643 G

305 2657 315 2686 ἰ
343 2660 396 2687 33.

262 2680 430 2735 Sec-imaus,
445 2698 565 2739 flumen
586 2698 749 2729 secundum
765 2706 890 2739 oppon.
907 2695 964 2728 ad-

307 2748 404 2771 verso
421 2741 453 2771 G
471 2741 529 2781 vii,
542 2744 596 2781 58,
611 2743 663 2772 60.

910 181 1070 212 INDEX

1008 276 1171 315 Seducere,
1185 276 1363 318 sejungere
1380 274 1422 307 ab
1437 275 1577 308 alterins
1597 278 1708 309 amici-

1053 320 1098 350 tia
1115 320 1141 350 C
1159 320 1180 357 i,
1194 322 1226 350 6.

1009 361 1161 392 Sementis
1187 372 1311 401 magna,
1336 371 1413 393 cum
1433 361 1531 392 multi
1547 361 1618 402 agri
1634 371 1710 393 con-

1053 410 1212 435 seruntur
1227 405 1258 436 G
1277 405 1299 443 i,
1316 407 1346 434 3.

1011 445 1179 483 Semisucta
1193 450 1286 486 porta
1302 446 1357 478 Af.
1373 449 1426 478 83.

1011 487 1170 518 Semihora
1189 487 1245 519 Af.
1262 491 1314 520 38.

1010 529 1154 562 Sentii-e.-
1180 531 1279 561 hostes
1292 541 1332 561 cx
1347 530 1480 568 fremitu
1498 534 1656 562 sense-mint
1672 531 1710 562 (le

1052 573 1240 612 profectione
1256 573 1287 604 G
1305 583 1336 611 v,
1352 576 1405 604 32.

1012 614 1181 655 Separatus
1195 625 1282 655 ager,
1301 615 1359 656 qui
1376 615 1476 646 alicui
1490 616 1647 656 proprius
1664 625 1711 646 ns-

1054 658 1207 697 siguatns
1224 663 1287 695 est,
1303 667 1367 689 non
1383 658 1567 689 communis
1582 658 1656 689 aliis
1678 658 1710 689 G

1055 699 1098 738 iv,
1117 703 1145 730 l.
1189 700 1339 731 Additur
1353 701 1505 740 privatus.

1011 741 1241 781 Septentriones
1257 743 1288 773 G
1306 743 1327 782 i,
1344 746 1372 774 1.
1395 743 1439 779 iv,
1455 746 1508 774 20.
1534 742 1590 783 vii,
1605 745 1658 773 83.

1011 783 1104 823 Sequi
1131 785 1393 815 commutationem
1420 789 1525 823 «estus,
1549 785 1579 815 ei
1603 795 1638 815 se
1661 793 1715 815 ac-

1054 826 1268 856 commodare
1285 827 1317 857 G
1332 837 1364 864 v,
1378 830 1409 857 8.
1446 827 1529 867 sequi
1541 836 1627 866 posse
1647 827 1715 857 ani-

1053 878 1135 899 mum
1160 868 1277 899 viribus
1302 869 1450 908 corporis,
1473 878 1618 908 corpore
1641 874 1713 900 tan-

1056 915 1127 941 tum
1143 912 1266 947 valere,
1283 916 1445 951 quantum
1460 911 1570 942 animo
1587 910 1617 941 A
1633 913 1687 942 44.

1009 952 1099 992 Sero,
1120 953 1272 984 serissime
1289 954 1315 984 C
1332 954 1379 993 iii,
1394 957 1447 984 75.

1010 995 1153 1035 Servare,
1178 996 1353 1027 custodire
1379 996 1411 1027 G
1433 996 1469 1035 ii,
1494 998 1546 1027 33.
1591 1005 1714 1027 serrare

1053 1038 1268 1078 (observare)
1282 1038 1343 1069 iter
1359 1038 1390 1070 G
1409 1049 1440 1079 v,
1456 1041 1506 1069 1⁹.

1012 1080 1137 1112 Seri-ire
1148 1081 1334 1120 rumoribus,
1346 1081 1385 1112 iis
1398 1091 1433 1111 se
1447 1080 1715 1117 accommodare,

1055 1133 1114 1155 eos
1139 1125 1172 1155 in
1198 1124 1344 1155 consiliis
1372 1123 1549 1165 capiendis
1571 1123 1665 1165 sequi
1682 1123 1713 1154 G

1056 1165 1101 1203 iv,
1117 1170 1148 1196 5.

1011 1206 1162 1247 Seri-itia,
1178 1209 1266 1239 servi
1283 1207 1339 1239 Af.
1355 1211 1410 1248 85,
1426 1212 1479 1240 88.

1012 1249 1154 1281 Seri-itus
1169 1260 1296 1287 eornm,
1323 1250 1381 1292 qai
1408 1251 1549 1292 imperio
1574 1251 1713 1282 alterius

1056 1296 1179 1332 parent
1197 1293 1229 1324 G
1246 1293 1268 1332 i,
1283 1296 1336 1324 33.

1013 1334 1250 1375 Sesquipedalis,
1265 1345 1402 1377 aequans
1426 1335 1549 1376 pedem
1574 1345 1650 1368 cum
1667 1335 1715 1366 di-

1056 1378 1159 1409 midio
1175 1378 1207 1409 G
1225 1379 1268 1417 iv,
1286 1381 1335 1410 17.

1012 1419 1137 1460 Sei-um,
1169 1421 1336 1461 pinguedo
1365 1421 1562 1460 bestiarum,
1588 1420 1630 1458 ad
1658 1420 1715 1452 do-

1056 1464 1217 1495 mesticos
1231 1474 1310 1494 usus
1328 1468 1447 1504 parata
1460 1464 1491 1495 G
1507 1463 1628 1504 vii,25.
1643 1464 1716 1502 viii,

1013 1547 1201 1579 Sexcenaria
1228 1549 1334 1579 cohors
1362 1549 1389 1580 C
1416 1548 1463 1588 iii,
1490 1551 1522 1580 4.

1056 1590 1151 1630 borg.
1168 1591 1210 1621 ad
1229 1591 1301 1622 Liv.
1320 1591 1375 1629 vii,
1390 1594 1421 1622 7.

1013 1632 1072 1663 Si.-
1095 1636 1257 1672 conantur‚
1275 1634 1302 1663 si
1318 1633 1431 1673 (num)
1452 1634 1569 1673 possint
1585 1634 1616 1665 G
1635 1634 1658 1673 i,
1684 1636 1716 1664 8.

1055 1675 1090 1713 ii,
1118 1678 1138 1705 9
1187 1676 1214 1707 c
1243 1675 1265 1713 i,
1282 1678 1334 1706 83.
1360 1675 1394 1714 ii,
1421 1678 1474 1706 34.
1504 1676 1553 1714 iii,
1578 1679 1632 1715 75,
1661 1679 1714 1707 85.

1056 1717 1181 1748 Graeco
1208 1727 1301 1748 more
1329 1727 1390 1758 pro
1413 1728 1464 1748 an.
1496 1717 1534 1749 Si
1549 1716 1609 1759 pro
1621 1719 1671 1750 sin
1687 1719 1714 1750 C

1055 1759 1092 1797 ii,
1119 1764 1151 1791 5.
1175 1759 1224 1799 iii,
1253 1762 1305 1798 17,
1331 1763 1372 1791 78
1407 1760 1439 1791 G
1457 1760 1513 1796 vii,
1537 1764 1590 1793 66.
1611 1761 1673 1801 sin,
1688 1761 1716 1792 si

1055 1811 1148 1841 vero,
1163 1803 1189 1833 si
1206 1807 1327 1834 contra
1343 1812 1384 1833 ea
1399 1802 1431 1834 G
1449 1803 1470 1841 i,
1492 1806 1543 1834 13.

1013 1843 1149 1884 Signata
1161 1844 1284 1884 tabella,
1298 1845 1477 1886 obsignata
1491 1844 1549 1876 Af.
1566 1848 1598 1877 3.

1012 1886 1202 1930 Significare
1215 1888 1310 1919 alicui
1324 1888 1361 1919 (le
1375 1898 1410 1918 re
1424 1888 1530 1929 aliqua
1545 1888 1577 1919 G
1594 1886 1652 1928 vii,
1664 1890 1717 1920 26.

1055 1930 1194 1962 Sueton.
1210 1930 1282 1962 Jul.
1299 1934 1330 1961 9.

1013 1971 1226 2014 Significatio‚
1252 1971 1414 2003 indicium
1443 1971 1628 2004 voluntatis
1655 1980 1716 2013 per

1056 2015 1151 2054 signa
1166 2021 1309 2045 externa
1324 2015 1351 2046 C
1367 2015 1390 2054 i,
1407 2017 1459 2045 86.
1489 2015 1580 2046 Hinc
1594 2014 1722 2056 signifi?

1054 2057 1206 2088 cntionem
1220 2056 1329 2094 sacer-e
1345 2056 1377 2088 G
1392 2057 1428 2095 ii,
1447 2060 1499 2088 33.

1013 2098 1147 2139 Signum
1162 2101 1248 2138 dare,
1264 2099 1307 2130 de
1323 2103 1454 2139 tessera
1470 2100 1502 2131 G
1526 2099 1560 2140 ii,
1581 2103 1623 2131 20
1656 2099 1714 2132 Af.

1056 2145 1110 2173 83.
1133 2143 1215 2181 sign.
1232 2141 1306 2172 tuba
1319 2143 1394 2172 dare
1410 2142 1442 2174 G
1459 2141 1493 2182 ii,
1504 2144 1560 2173 20.
1579 2144 1717 2183 signum,

1056 2185 1246 2225 manipulus
1273 2184 1347 2225 ipse
1375 2183 1410 2215 H
1438 2187 1488 2215 18.
1532 2185 1599 2216 Sed
1623 2185 1716 2226 signa

1048 2227 1138 2265 serre
1152 2231 1217 2266 est,
1245 2236 1263 2257 e
1279 2226 1400 2258 castris
1424 2227 1562 2268 propius
1583 2228 1717 2259 hostem

1056 2269 1227 2310 proficisci
1242 2269 1275 2301 G
1292 2269 1316 2309 i,
1343 2272 1395 2301 39.
1438 2280 1506 2301 cum
1531 2265 1634 2309 sig-nis
1657 2271 1717 2310 ire,

1056 2322 1133 2343 cum
1149 2312 1307 2343 universo
1323 2311 1475 2344 exercitu
1492 2311 1546 2343 Af.
1561 2315 1614 2344 77.
1653 2314 1655 2316 ’

1013 2354 1096 2386 Sileo
1112 2355 1238 2386 verbum
1251 2354 1371 2393 facere,
1396 2364 1438 2386 ne
1459 2355 1552 2386 hisco
1579 2354 1716 2397 quidem

1056 2398 1090 2428 H
1107 2400 1137 2429 3.
1156 2397 1327 2428 insolitum
1344 2397 1456 2438 plane.

1012 2439 1154 2480 Simplex
1178 2440 1270 2478 acies,
1296 2449 1364 2471 una
1384 2439 1501 2479 series,
1527 2449 1612 2471 unus
1628 2439 1712 2471 ordo

1055 2483 1199 2513 militum
1216 2481 1272 2514 Af.
1285 2485 1337 2513 59.
1363 2480 1450 2514 conf.
1465 2483 1558 2523 acies,
1580 2482 1637 2513 ubi
1649 2481 1714 2512 alia

1056 2526 1213 2566 exempla
1227 2525 1373 2556 collecta
1387 2529 1477 2556 sunt.

1011 2567 1131 2599 Simul:
1153 2568 1244 2598 simul
1259 2578 1294 2598 ac
1307 2567 1339 2599 G
1353 2567 1399 2606 iv,
1415 2570 1469 2599 26.
1489 2566 1594 2606 simul,
1605 2564 1711 2604 simul,

1055 2609 1118 2649 ἅμα
1132 2610 1201 2649 μὲν,
1217 2609 1280 2649 ἅμα
1295 2609 1327 2641 δὲ
1344 2610 1376 2642 G
1392 2610 1438 2650 iv,
1455 2611 1506 2640 13.

1013 2653 1192 2693 Singularis
1205 2654 1304 2691 homo,
1319 2661 1417 2689 unus,
1444 2654 1482 2681 ut
1496 2659 1572 2681 cum
1588 2648 1708 2690 singuli

1055 2696 1249 2737 singulatim
1279 2699 1361 2725 eunt
1391 2702 1453 2733 per
1480 2691 1648 2733 angustias
1677 2693 1707 2724 G

1055 2739 1112 2779 vii,
1127 2742 1159 2771 8.
1182 2737 1228 2769 cf.
1243 2737 1274 2768 G
1297 2736 1344 2776 iv,
1358 2737 1410 2766 26.

1557 1548 1715 1580 Draken-
