<?xml version="1.0" encoding="UTF-8"?>
<!DOCTYPE html PUBLIC "-//W3C//DTD XHTML 1.0 Transitional//EN"
    "http://www.w3.org/TR/xhtml1/DTD/xhtml1-transitional.dtd">
<html xmlns="http://www.w3.org/1999/xhtml" xml:lang="en" lang="en">
 <head>
  <title>
</title>
<meta http-equiv="Content-Type" content="text/html;charset=utf-8" />
  <meta name='ocr-system' content='tesseract 3.04.00' />
  <meta name='ocr-capabilities' content='ocr_page ocr_carea ocr_par ocr_line ocrx_word'/>
</head>
<body>
  <div class='ocr_page' id='page_1' title='image "./operaomniaexedit05caesuoft/operaomniaexedit05caesuoft_0197.png"; bbox 0 0 1872 3104; ppageno 0'>
   <div class='ocr_carea' id='block_1_1' title="bbox 605 208 1570 250">
    <p class='ocr_par' dir='ltr' id='par_1_1' title="bbox 605 208 1570 250">
     <span class='ocr_line' id='line_1_1' title="bbox 605 208 1570 250; baseline -0.001 -5"><span class='ocrx_word' id='word_1_1' title='bbox 605 218 646 246; x_wconf 88' lang='lat' dir='ltr'>C.</span> <span class='ocrx_word' id='word_1_2' title='bbox 677 213 809 245; x_wconf 80' lang='lat' dir='ltr'>JULII</span> <span class='ocrx_word' id='word_1_3' title='bbox 843 212 1074 244; x_wconf 76' lang='lat' dir='ltr'><strong>GAESAms.</strong></span> <span class='ocrx_word' id='word_1_4' title='bbox 1455 208 1570 250; x_wconf 77' lang='lat'>2073</span> 
     </span>
    </p>
   </div>
   <div class='ocr_carea' id='block_1_2' title="bbox 111 305 1568 995">
    <p class='ocr_par' dir='ltr' id='par_1_2' title="bbox 116 305 1568 676">
     <span class='ocr_line' id='line_1_2' title="bbox 123 305 1568 361; baseline 0.001 -13"><span class='ocrx_word' id='word_1_5' title='bbox 123 310 315 361; x_wconf 75' lang='lat' dir='ltr'>Euripidis</span> <span class='ocrx_word' id='word_1_6' title='bbox 353 315 446 358; x_wconf 81' lang='lat' dir='ltr'>trag.</span> <span class='ocrx_word' id='word_1_7' title='bbox 483 305 686 357; x_wconf 81' lang='lat' dir='ltr'>Supplices</span> <span class='ocrx_word' id='word_1_8' title='bbox 725 307 915 344; x_wconf 88' lang='lat' dir='ltr'>mulieres.</span> <span class='ocrx_word' id='word_1_9' title='bbox 968 307 1092 344; x_wconf 86' lang='lat' dir='ltr'>Lond.</span> <span class='ocrx_word' id='word_1_10' title='bbox 1135 306 1247 350; x_wconf 73' lang='grc'><strong>1763.</strong></span> <span class='ocrx_word' id='word_1_11' title='bbox 1273 309 1411 345; x_wconf 80' lang='lat' dir='ltr'>4.—-ln</span> <span class='ocrx_word' id='word_1_12' title='bbox 1440 313 1568 359; x_wconf 75' lang='lat' dir='ltr'>Sponii</span> 
     </span>
     <span class='ocr_line' id='line_1_3' title="bbox 123 370 1567 421; baseline 0.001 -11"><span class='ocrx_word' id='word_1_13' title='bbox 123 375 219 412; x_wconf 77' lang='lat' dir='ltr'>llist.</span> <span class='ocrx_word' id='word_1_14' title='bbox 240 374 286 412; x_wconf 86' lang='lat' dir='ltr'>‹le</span> <span class='ocrx_word' id='word_1_15' title='bbox 305 375 461 411; x_wconf 88' lang='lat' dir='ltr'>Geneve</span> <span class='ocrx_word' id='word_1_16' title='bbox 481 377 590 414; x_wconf 77' lang='grc'><strong>1730.</strong></span> <span class='ocrx_word' id='word_1_17' title='bbox 620 371 736 408; x_wconf 86' lang='lat' dir='ltr'><strong>Tom.</strong></span> <span class='ocrx_word' id='word_1_18' title='bbox 759 382 817 408; x_wconf 78' lang='lat' dir='ltr'>lv,</span> <span class='ocrx_word' id='word_1_19' title='bbox 834 384 874 421; x_wconf 91' lang='lat' dir='ltr'>p.</span> <span class='ocrx_word' id='word_1_20' title='bbox 894 379 924 409; x_wconf 89' lang='grc'><strong>1.</strong></span> <span class='ocrx_word' id='word_1_21' title='bbox 946 384 1032 421; x_wconf 91' lang='lat' dir='ltr'>sqq.</span> <span class='ocrx_word' id='word_1_22' title='bbox 1051 370 1143 407; x_wconf 86' lang='lat' dir='ltr'>locis</span> <span class='ocrx_word' id='word_1_23' title='bbox 1157 371 1329 408; x_wconf 81' lang='lat' dir='ltr'>obscuris</span> <span class='ocrx_word' id='word_1_24' title='bbox 1343 371 1390 409; x_wconf 87' lang='lat' dir='ltr'>de</span> <span class='ocrx_word' id='word_1_25' title='bbox 1410 373 1449 409; x_wconf 87' lang='lat' dir='ltr'><strong>B.</strong></span> <span class='ocrx_word' id='word_1_26' title='bbox 1466 375 1518 410; x_wconf 76' lang='lat' dir='ltr'><strong>G.</strong></span> <span class='ocrx_word' id='word_1_27' title='bbox 1539 387 1567 411; x_wconf 88' lang='lat'><strong>1.</strong></span> 
     </span>
     <span class='ocr_line' id='line_1_4' title="bbox 120 433 1568 486; baseline -0.001 -11"><span class='ocrx_word' id='word_1_28' title='bbox 120 452 154 475; x_wconf 72' lang='lat' dir='ltr'>e.</span> <span class='ocrx_word' id='word_1_29' title='bbox 176 437 212 475; x_wconf 84' lang='lat'><strong>6.</strong></span> <span class='ocrx_word' id='word_1_30' title='bbox 232 443 270 474; x_wconf 86' lang='lat' dir='ltr'>et</span> <span class='ocrx_word' id='word_1_31' title='bbox 290 441 325 472; x_wconf 83' lang='lat'><strong>8.</strong></span> <span class='ocrx_word' id='word_1_32' title='bbox 345 435 409 472; x_wconf 86' lang='lat' dir='ltr'>lux</span> <span class='ocrx_word' id='word_1_33' title='bbox 429 433 916 472; x_wconf 81' lang='lat' dir='ltr'>affunditur.——D&#39;Anville</span> <span class='ocrx_word' id='word_1_34' title='bbox 933 435 968 472; x_wconf 92' lang='lat' dir='ltr'>in</span> <span class='ocrx_word' id='word_1_35' title='bbox 990 434 1321 472; x_wconf 78' lang='lat' dir='ltr'>Eclaircissemens</span> <span class='ocrx_word' id='word_1_36' title='bbox 1343 437 1568 486; x_wconf 79' lang='lat' dir='ltr'>geographi-</span> 
     </span>
     <span class='ocr_line' id='line_1_5' title="bbox 119 498 1567 550; baseline -0.001 -11"><span class='ocrx_word' id='word_1_37' title='bbox 119 514 213 550; x_wconf 84' lang='lat' dir='ltr'>ques</span> <span class='ocrx_word' id='word_1_38' title='bbox 233 512 296 536; x_wconf 85' lang='lat' dir='ltr'>sur</span> <span class='ocrx_word' id='word_1_39' title='bbox 315 499 522 535; x_wconf 76' lang='lat' dir='ltr'>l&#39;ancienne</span> <span class='ocrx_word' id='word_1_40' title='bbox 543 499 670 536; x_wconf 84' lang='lat' dir='ltr'>Gaule</span> <span class='ocrx_word' id='word_1_41' title='bbox 695 504 808 541; x_wconf 73' lang='lat'><strong>1743.</strong></span> <span class='ocrx_word' id='word_1_42' title='bbox 834 504 893 536; x_wconf 77' lang='lat'>12.</span> <span class='ocrx_word' id='word_1_43' title='bbox 915 499 1046 542; x_wconf 86' lang='lat' dir='ltr'>multa,</span> <span class='ocrx_word' id='word_1_44' title='bbox 1062 498 1257 548; x_wconf 78' lang='lat' dir='ltr'>praecipue</span> <span class='ocrx_word' id='word_1_45' title='bbox 1279 499 1314 536; x_wconf 90' lang='lat' dir='ltr'>in</span> <span class='ocrx_word' id='word_1_46' title='bbox 1335 500 1400 537; x_wconf 82' lang='lat' dir='ltr'>lib.</span> <span class='ocrx_word' id='word_1_47' title='bbox 1417 511 1497 538; x_wconf 81' lang='lat' dir='ltr'><strong>vll.</strong></span> <span class='ocrx_word' id='word_1_48' title='bbox 1518 500 1567 538; x_wconf 89' lang='lat' dir='ltr'>de</span> 
     </span>
     <span class='ocr_line' id='line_1_6' title="bbox 118 561 1566 602; baseline 0.001 -2"><span class='ocrx_word' id='word_1_49' title='bbox 118 566 160 602; x_wconf 83' lang='grc' dir='ltr'>Β.</span> <span class='ocrx_word' id='word_1_50' title='bbox 178 564 228 601; x_wconf 87' lang='lat' dir='ltr'>G.</span> <span class='ocrx_word' id='word_1_51' title='bbox 247 563 721 600; x_wconf 63' lang='lat' dir='ltr'>illustravit.-Pelloutier</span> <span class='ocrx_word' id='word_1_52' title='bbox 738 563 774 599; x_wconf 93' lang='lat' dir='ltr'>in</span> <span class='ocrx_word' id='word_1_53' title='bbox 793 563 971 599; x_wconf 68' lang='lat' dir='ltr'>Memoir.</span> <span class='ocrx_word' id='word_1_54' title='bbox 989 563 1037 599; x_wconf 87' lang='lat' dir='ltr'>de</span> <span class='ocrx_word' id='word_1_55' title='bbox 1053 562 1200 599; x_wconf 73' lang='lat' dir='ltr'>l&#39;Acad.</span> <span class='ocrx_word' id='word_1_56' title='bbox 1217 561 1265 599; x_wconf 86' lang='lat' dir='ltr'>de</span> <span class='ocrx_word' id='word_1_57' title='bbox 1282 563 1381 600; x_wconf 86' lang='lat' dir='ltr'>Berl.</span> <span class='ocrx_word' id='word_1_58' title='bbox 1396 563 1511 602; x_wconf 76' lang='lat' dir='ltr'><strong>Tom.</strong></span> <span class='ocrx_word' id='word_1_59' title='bbox 1528 575 1566 601; x_wconf 78' lang='lat' dir='ltr'>v,</span> 
     </span>
     <span class='ocr_line' id='line_1_7' title="bbox 116 626 1032 676; baseline 0.002 -14"><span class='ocrx_word' id='word_1_60' title='bbox 116 639 153 676; x_wconf 89' lang='lat' dir='ltr'>p.</span> <span class='ocrx_word' id='word_1_61' title='bbox 174 630 263 670; x_wconf 85' lang='lat'><strong>491.</strong></span> <span class='ocrx_word' id='word_1_62' title='bbox 287 639 344 676; x_wconf 85' lang='lat' dir='ltr'>sq.</span> <span class='ocrx_word' id='word_1_63' title='bbox 366 626 414 663; x_wconf 87' lang='lat' dir='ltr'>de</span> <span class='ocrx_word' id='word_1_64' title='bbox 436 627 518 663; x_wconf 92' lang='lat' dir='ltr'>loco</span> <span class='ocrx_word' id='word_1_65' title='bbox 540 626 624 663; x_wconf 87' lang='lat' dir='ltr'>libri</span> <span class='ocrx_word' id='word_1_66' title='bbox 645 637 706 664; x_wconf 81' lang='lat' dir='ltr'><strong>Vl.</strong></span> <span class='ocrx_word' id='word_1_67' title='bbox 728 641 762 664; x_wconf 82' lang='lat' dir='ltr'><strong>c.</strong></span> <span class='ocrx_word' id='word_1_68' title='bbox 785 631 847 664; x_wconf 78' lang='lat'>21.</span> <span class='ocrx_word' id='word_1_69' title='bbox 869 626 1032 664; x_wconf 80' lang='lat' dir='ltr'>disserit.</span> 
     </span>
    </p>

    <p class='ocr_par' dir='ltr' id='par_1_3' title="bbox 111 690 1567 995">
     <span class='ocr_line' id='line_1_8' title="bbox 166 690 1567 741; baseline 0.001 -14"><span class='ocrx_word' id='word_1_70' title='bbox 166 690 244 734; x_wconf 77' lang='lat' dir='ltr'>Qui</span> <span class='ocrx_word' id='word_1_71' title='bbox 281 690 460 727; x_wconf 80' lang='lat' dir='ltr'>orationis</span> <span class='ocrx_word' id='word_1_72' title='bbox 507 692 737 728; x_wconf 81' lang='lat' dir='ltr'>Caesarianae</span> <span class='ocrx_word' id='word_1_73' title='bbox 772 690 997 740; x_wconf 77' lang='lat' dir='ltr'>elegantiam</span> <span class='ocrx_word' id='word_1_74' title='bbox 1033 704 1281 741; x_wconf 77' lang='lat' dir='ltr'>cognoscere,</span> <span class='ocrx_word' id='word_1_75' title='bbox 1321 697 1359 728; x_wconf 88' lang='lat' dir='ltr'>et</span> <span class='ocrx_word' id='word_1_76' title='bbox 1397 690 1446 728; x_wconf 90' lang='lat' dir='ltr'>ad</span> <span class='ocrx_word' id='word_1_77' title='bbox 1484 704 1567 729; x_wconf 86' lang='lat' dir='ltr'>eam</span> 
     </span>
     <span class='ocr_line' id='line_1_9' title="bbox 113 752 1566 806; baseline 0.001 -17"><span class='ocrx_word' id='word_1_78' title='bbox 113 752 273 803; x_wconf 84' lang='lat' dir='ltr'>dirigere</span> <span class='ocrx_word' id='word_1_79' title='bbox 292 754 487 791; x_wconf 87' lang='lat' dir='ltr'>scribendi</span> <span class='ocrx_word' id='word_1_80' title='bbox 516 755 701 792; x_wconf 87' lang='lat' dir='ltr'>rationem</span> <span class='ocrx_word' id='word_1_81' title='bbox 735 755 837 800; x_wconf 81' lang='lat' dir='ltr'>velit,</span> <span class='ocrx_word' id='word_1_82' title='bbox 858 756 890 792; x_wconf 88' lang='lat' dir='ltr'>ei</span> <span class='ocrx_word' id='word_1_83' title='bbox 920 754 1107 805; x_wconf 86' lang='lat' dir='ltr'>profuerit</span> <span class='ocrx_word' id='word_1_84' title='bbox 1135 756 1341 806; x_wconf 87' lang='lat' dir='ltr'>plurimum</span> <span class='ocrx_word' id='word_1_85' title='bbox 1366 756 1427 792; x_wconf 89' lang='lat' dir='ltr'><strong>J0.</strong></span> <span class='ocrx_word' id='word_1_86' title='bbox 1458 755 1566 792; x_wconf 87' lang='lat' dir='ltr'>Gnil.</span> 
     </span>
     <span class='ocr_line' id='line_1_10' title="bbox 114 816 1565 868; baseline 0.001 -15"><span class='ocrx_word' id='word_1_87' title='bbox 114 816 278 867; x_wconf 83' lang='lat' dir='ltr'>Bergeri‚</span> <span class='ocrx_word' id='word_1_88' title='bbox 314 818 474 855; x_wconf 80' lang='lat' dir='ltr'>oratoris</span> <span class='ocrx_word' id='word_1_89' title='bbox 504 819 800 868; x_wconf 79' lang='lat' dir='ltr'>Vitebergensis,</span> <span class='ocrx_word' id='word_1_90' title='bbox 833 826 871 857; x_wconf 93' lang='lat' dir='ltr'>et</span> <span class='ocrx_word' id='word_1_91' title='bbox 902 819 971 856; x_wconf 80' lang='lat' dir='ltr'>viri</span> <span class='ocrx_word' id='word_1_92' title='bbox 1005 820 1117 868; x_wconf 81' lang='lat' dir='ltr'>longe</span> <span class='ocrx_word' id='word_1_93' title='bbox 1137 818 1364 862; x_wconf 83' lang='lat' dir='ltr'>doctissimi,</span> <span class='ocrx_word' id='word_1_94' title='bbox 1390 831 1488 867; x_wconf 89' lang='lat' dir='ltr'>opus</span> <span class='ocrx_word' id='word_1_95' title='bbox 1518 817 1565 855; x_wconf 90' lang='lat' dir='ltr'>de</span> 
     </span>
     <span class='ocr_line' id='line_1_11' title="bbox 113 880 1567 932; baseline 0.003 -18"><span class='ocrx_word' id='word_1_96' title='bbox 113 880 270 917; x_wconf 81' lang='lat' dir='ltr'>naturali</span> <span class='ocrx_word' id='word_1_97' title='bbox 304 881 589 930; x_wconf 85' lang='lat' dir='ltr'>pulchritudine</span> <span class='ocrx_word' id='word_1_98' title='bbox 621 882 816 926; x_wconf 82' lang='lat' dir='ltr'>orationis,</span> <span class='ocrx_word' id='word_1_99' title='bbox 839 882 944 931; x_wconf 81' lang='lat' dir='ltr'>Lips.</span> <span class='ocrx_word' id='word_1_100' title='bbox 970 888 1082 926; x_wconf 73' lang='grc'><strong>1720,</strong></span> <span class='ocrx_word' id='word_1_101' title='bbox 1104 888 1141 921; x_wconf 83' lang='grc'>4.</span> <span class='ocrx_word' id='word_1_102' title='bbox 1162 881 1265 932; x_wconf 87' lang='lat' dir='ltr'>quod</span> <span class='ocrx_word' id='word_1_103' title='bbox 1289 887 1412 918; x_wconf 80' lang='lat' dir='ltr'>totum</span> <span class='ocrx_word' id='word_1_104' title='bbox 1444 881 1480 918; x_wconf 90' lang='lat' dir='ltr'>in</span> <span class='ocrx_word' id='word_1_105' title='bbox 1503 881 1567 918; x_wconf 84' lang='lat' dir='ltr'>illa</span> 
     </span>
     <span class='ocr_line' id='line_1_12' title="bbox 111 942 1447 995; baseline 0.003 -17"><span class='ocrx_word' id='word_1_106' title='bbox 111 942 298 987; x_wconf 67' lang='lat' dir='ltr'>elegantia</span> <span class='ocrx_word' id='word_1_107' title='bbox 316 944 478 982; x_wconf 80' lang='lat' dir='ltr'>naturali</span> <span class='ocrx_word' id='word_1_108' title='bbox 497 945 570 982; x_wconf 86' lang='lat' dir='ltr'>sub</span> <span class='ocrx_word' id='word_1_109' title='bbox 586 945 762 995; x_wconf 80' lang='lat' dir='ltr'>exemplo</span> <span class='ocrx_word' id='word_1_110' title='bbox 783 944 947 982; x_wconf 70' lang='lat' dir='ltr'>Caesaris</span> <span class='ocrx_word' id='word_1_111' title='bbox 968 944 1197 994; x_wconf 86' lang='lat' dir='ltr'>explicanda</span> <span class='ocrx_word' id='word_1_112' title='bbox 1217 951 1447 994; x_wconf 82' lang='lat' dir='ltr'>occupatur.</span> 
     </span>
    </p>
   </div>
   <div class='ocr_carea' id='block_1_3' title="bbox 567 1527 1103 1577">
    <p class='ocr_par' dir='ltr' id='par_1_4' title="bbox 567 1527 1103 1577">
     <span class='ocr_line' id='line_1_13' title="bbox 567 1527 1103 1577; baseline 0.002 -2"><span class='ocrx_word' id='word_1_113' title='bbox 567 1527 1103 1577; x_wconf 81' lang='lat' dir='ltr'><strong>VERSIONES.</strong></span> 
     </span>
    </p>
   </div>
   <div class='ocr_carea' id='block_1_4' title="bbox 753 1717 912 1728">
    <p class='ocr_par' dir='ltr' id='par_1_5' title="bbox 753 1717 912 1728">
     <span class='ocr_line' id='line_1_14' title="bbox 753 1717 912 1728; baseline 0.013 -2"><span class='ocrx_word' id='word_1_114' title='bbox 753 1717 912 1728; x_wconf 73' lang='lat'>———</span> 
     </span>
    </p>
   </div>
   <div class='ocr_carea' id='block_1_5' title="bbox 690 1861 970 1891">
    <p class='ocr_par' dir='ltr' id='par_1_6' title="bbox 690 1861 970 1891">
     <span class='ocr_line' id='line_1_15' title="bbox 690 1861 970 1891; baseline 0.004 -3"><span class='ocrx_word' id='word_1_115' title='bbox 690 1861 970 1891; x_wconf 79' lang='lat' dir='ltr'><strong>HISPANICAE.</strong></span> 
     </span>
    </p>
   </div>
   <div class='ocr_carea' id='block_1_6' title="bbox 105 1975 1560 2790">
    <p class='ocr_par' dir='ltr' id='par_1_7' title="bbox 107 1975 1560 2405">
     <span class='ocr_line' id='line_1_16' title="bbox 107 1975 1558 2030; baseline -0.003 -12"><span class='ocrx_word' id='word_1_116' title='bbox 107 1987 204 2026; x_wconf 69' lang='lat'>1498</span> <span class='ocrx_word' id='word_1_117' title='bbox 236 1982 310 2019; x_wconf 89' lang='lat' dir='ltr'>Los</span> <span class='ocrx_word' id='word_1_118' title='bbox 342 1980 609 2020; x_wconf 84' lang='lat' dir='ltr'>Comentarios</span> <span class='ocrx_word' id='word_1_119' title='bbox 647 1980 695 2018; x_wconf 88' lang='lat' dir='ltr'>de</span> <span class='ocrx_word' id='word_1_120' title='bbox 735 1981 850 2030; x_wconf 81' lang='lat' dir='ltr'>Gayo</span> <span class='ocrx_word' id='word_1_121' title='bbox 888 1979 992 2017; x_wconf 87' lang='lat' dir='ltr'>Julio</span> <span class='ocrx_word' id='word_1_122' title='bbox 1029 1980 1156 2023; x_wconf 86' lang='lat' dir='ltr'>Cesar,</span> <span class='ocrx_word' id='word_1_123' title='bbox 1193 1978 1397 2027; x_wconf 81' lang='lat' dir='ltr'>interprete</span> <span class='ocrx_word' id='word_1_124' title='bbox 1432 1975 1558 2028; x_wconf 86' lang='lat' dir='ltr'>Diego</span> 
     </span>
     <span class='ocr_line' id='line_1_17' title="bbox 153 2039 1559 2095; baseline -0.004 -13"><span class='ocrx_word' id='word_1_125' title='bbox 153 2045 285 2095; x_wconf 90' lang='lat' dir='ltr'>Lopez</span> <span class='ocrx_word' id='word_1_126' title='bbox 308 2044 356 2083; x_wconf 86' lang='lat' dir='ltr'>de</span> <span class='ocrx_word' id='word_1_127' title='bbox 373 2043 538 2082; x_wconf 83' lang='lat' dir='ltr'>Tuledo.</span> <span class='ocrx_word' id='word_1_128' title='bbox 578 2045 620 2081; x_wconf 87' lang='lat' dir='ltr'>ln</span> <span class='ocrx_word' id='word_1_129' title='bbox 641 2043 742 2081; x_wconf 86' lang='lat' dir='ltr'>fine:</span> <span class='ocrx_word' id='word_1_130' title='bbox 775 2049 785 2064; x_wconf 91' lang='lat'>‘</span> <span class='ocrx_word' id='word_1_131' title='bbox 800 2044 925 2094; x_wconf 88' lang='lat' dir='ltr'>Aequi</span> <span class='ocrx_word' id='word_1_132' title='bbox 954 2057 990 2081; x_wconf 88' lang='lat' dir='ltr'>se</span> <span class='ocrx_word' id='word_1_133' title='bbox 1009 2043 1201 2081; x_wconf 89' lang='lat' dir='ltr'>acabaron</span> <span class='ocrx_word' id='word_1_134' title='bbox 1223 2042 1278 2079; x_wconf 89' lang='lat' dir='ltr'>los</span> <span class='ocrx_word' id='word_1_135' title='bbox 1293 2039 1559 2079; x_wconf 81' lang='lat' dir='ltr'>Comentarios</span> 
     </span>
     <span class='ocr_line' id='line_1_18' title="bbox 157 2103 1558 2158; baseline -0.003 -14"><span class='ocrx_word' id='word_1_136' title='bbox 157 2107 204 2144; x_wconf 89' lang='lat' dir='ltr'>de</span> <span class='ocrx_word' id='word_1_137' title='bbox 230 2109 344 2158; x_wconf 85' lang='lat' dir='ltr'>Gayo</span> <span class='ocrx_word' id='word_1_138' title='bbox 364 2107 468 2146; x_wconf 89' lang='lat' dir='ltr'>Julio</span> <span class='ocrx_word' id='word_1_139' title='bbox 502 2109 622 2146; x_wconf 84' lang='lat' dir='ltr'>Cesar</span> <span class='ocrx_word' id='word_1_140' title='bbox 640 2121 686 2145; x_wconf 88' lang='lat' dir='ltr'>en</span> <span class='ocrx_word' id='word_1_141' title='bbox 709 2109 906 2145; x_wconf 82' lang='lat' dir='ltr'>Romance</span> <span class='ocrx_word' id='word_1_142' title='bbox 934 2107 1173 2158; x_wconf 86' lang='lat' dir='ltr'>imprimidos</span> <span class='ocrx_word' id='word_1_143' title='bbox 1202 2119 1246 2143; x_wconf 87' lang='lat' dir='ltr'>en</span> <span class='ocrx_word' id='word_1_144' title='bbox 1277 2105 1314 2143; x_wconf 86' lang='lat' dir='ltr'>la</span> <span class='ocrx_word' id='word_1_145' title='bbox 1338 2118 1426 2155; x_wconf 87' lang='lat' dir='ltr'>muy</span> <span class='ocrx_word' id='word_1_146' title='bbox 1445 2103 1558 2141; x_wconf 88' lang='lat' dir='ltr'>noble</span> 
     </span>
     <span class='ocr_line' id='line_1_19' title="bbox 155 2167 1560 2221; baseline -0.002 -14"><span class='ocrx_word' id='word_1_147' title='bbox 155 2170 297 2208; x_wconf 90' lang='lat' dir='ltr'>ciudad</span> <span class='ocrx_word' id='word_1_148' title='bbox 318 2170 365 2208; x_wconf 89' lang='lat' dir='ltr'>de</span> <span class='ocrx_word' id='word_1_149' title='bbox 384 2170 533 2207; x_wconf 88' lang='lat' dir='ltr'>Toledo</span> <span class='ocrx_word' id='word_1_150' title='bbox 552 2183 574 2207; x_wconf 88' lang='lat' dir='ltr'>a</span> <span class='ocrx_word' id='word_1_151' title='bbox 594 2177 701 2208; x_wconf 82' lang='lat' dir='ltr'>costa</span> <span class='ocrx_word' id='word_1_152' title='bbox 726 2171 788 2208; x_wconf 88' lang='lat' dir='ltr'>del</span> <span class='ocrx_word' id='word_1_153' title='bbox 818 2185 909 2221; x_wconf 88' lang='lat' dir='ltr'>muy</span> <span class='ocrx_word' id='word_1_154' title='bbox 932 2171 1131 2208; x_wconf 88' lang='lat' dir='ltr'>honorado</span> <span class='ocrx_word' id='word_1_155' title='bbox 1147 2169 1347 2207; x_wconf 86' lang='lat' dir='ltr'>mercador</span> <span class='ocrx_word' id='word_1_156' title='bbox 1368 2167 1560 2206; x_wconf 85' lang='lat' dir='ltr'>Melchior</span> 
     </span>
     <span class='ocr_line' id='line_1_20' title="bbox 155 2232 1558 2286; baseline -0.004 -13"><span class='ocrx_word' id='word_1_157' title='bbox 155 2234 358 2273; x_wconf 84' lang='lat' dir='ltr'>Gorricio:</span> <span class='ocrx_word' id='word_1_158' title='bbox 388 2247 457 2284; x_wconf 88' lang='lat' dir='ltr'>por</span> <span class='ocrx_word' id='word_1_159' title='bbox 477 2240 638 2272; x_wconf 85' lang='lat' dir='ltr'>maestre</span> <span class='ocrx_word' id='word_1_160' title='bbox 658 2234 783 2273; x_wconf 86' lang='lat' dir='ltr'>Pedro</span> <span class='ocrx_word' id='word_1_161' title='bbox 805 2235 1055 2286; x_wconf 85' lang='lat' dir='ltr'>Hagembach</span> <span class='ocrx_word' id='word_1_162' title='bbox 1074 2235 1233 2273; x_wconf 88' lang='lat' dir='ltr'>Aleman</span> <span class='ocrx_word' id='word_1_163' title='bbox 1253 2233 1288 2270; x_wconf 90' lang='lat' dir='ltr'>al</span> <span class='ocrx_word' id='word_1_164' title='bbox 1313 2239 1373 2270; x_wconf 80' lang='lat'>14.</span> <span class='ocrx_word' id='word_1_165' title='bbox 1397 2232 1457 2269; x_wconf 85' lang='lat' dir='ltr'>del</span> <span class='ocrx_word' id='word_1_166' title='bbox 1477 2243 1558 2268; x_wconf 90' lang='lat' dir='ltr'>mes</span> 
     </span>
     <span class='ocr_line' id='line_1_21' title="bbox 153 2293 1557 2336; baseline -0.004 -1"><span class='ocrx_word' id='word_1_167' title='bbox 153 2297 201 2335; x_wconf 89' lang='lat' dir='ltr'>de</span> <span class='ocrx_word' id='word_1_168' title='bbox 220 2297 324 2335; x_wconf 85' lang='lat' dir='ltr'>Julio</span> <span class='ocrx_word' id='word_1_169' title='bbox 345 2310 445 2335; x_wconf 89' lang='lat' dir='ltr'>anno</span> <span class='ocrx_word' id='word_1_170' title='bbox 472 2297 534 2335; x_wconf 92' lang='lat' dir='ltr'>del</span> <span class='ocrx_word' id='word_1_171' title='bbox 554 2297 780 2336; x_wconf 85' lang='lat' dir='ltr'>nacimiento</span> <span class='ocrx_word' id='word_1_172' title='bbox 800 2297 848 2336; x_wconf 91' lang='lat' dir='ltr'>de</span> <span class='ocrx_word' id='word_1_173' title='bbox 867 2299 1035 2336; x_wconf 80' lang='lat' dir='ltr'>Nuestro</span> <span class='ocrx_word' id='word_1_174' title='bbox 1055 2298 1201 2336; x_wconf 87' lang='lat' dir='ltr'>Sennor</span> <span class='ocrx_word' id='word_1_175' title='bbox 1219 2295 1488 2335; x_wconf 83' lang='lat' dir='ltr'>Jesu-Christo</span> <span class='ocrx_word' id='word_1_176' title='bbox 1508 2293 1557 2330; x_wconf 92' lang='lat' dir='ltr'>de</span> 
     </span>
     <span class='ocr_line' id='line_1_22' title="bbox 159 2361 521 2405; baseline 0.003 -8"><span class='ocrx_word' id='word_1_177' title='bbox 159 2366 270 2405; x_wconf 78' lang='lat'><strong>1498.</strong></span> <span class='ocrx_word' id='word_1_178' title='bbox 291 2362 437 2398; x_wconf 62' lang='lat' dir='ltr'>annos!</span> <span class='ocrx_word' id='word_1_179' title='bbox 456 2361 521 2398; x_wconf 91' lang='lat' dir='ltr'>fol.</span> 
     </span>
    </p>

    <p class='ocr_par' dir='ltr' id='par_1_8' title="bbox 105 2421 1557 2538">
     <span class='ocr_line' id='line_1_23' title="bbox 105 2421 1557 2474; baseline -0.003 -13"><span class='ocrx_word' id='word_1_180' title='bbox 105 2429 203 2469; x_wconf 71' lang='lat'>1529</span> <span class='ocrx_word' id='word_1_181' title='bbox 256 2424 466 2473; x_wconf 88' lang='lat' dir='ltr'>Compluti.</span> <span class='ocrx_word' id='word_1_182' title='bbox 501 2423 567 2461; x_wconf 81' lang='lat' dir='ltr'>sol.</span> <span class='ocrx_word' id='word_1_183' title='bbox 611 2424 820 2474; x_wconf 82' lang='lat' dir='ltr'>Repetitio,</span> <span class='ocrx_word' id='word_1_184' title='bbox 860 2430 902 2462; x_wconf 90' lang='lat' dir='ltr'>ut</span> <span class='ocrx_word' id='word_1_185' title='bbox 940 2423 1103 2469; x_wconf 83' lang='lat' dir='ltr'>videtur,</span> <span class='ocrx_word' id='word_1_186' title='bbox 1144 2422 1417 2461; x_wconf 86' lang='lat' dir='ltr'>antecedentis.</span> <span class='ocrx_word' id='word_1_187' title='bbox 1469 2421 1557 2457; x_wconf 82' lang='lat' dir='ltr'>vid.</span> 
     </span>
     <span class='ocr_line' id='line_1_24' title="bbox 152 2487 1078 2538; baseline 0.001 -14"><span class='ocrx_word' id='word_1_188' title='bbox 152 2487 242 2525; x_wconf 85' lang='lat' dir='ltr'>Nic.</span> <span class='ocrx_word' id='word_1_189' title='bbox 265 2487 473 2524; x_wconf 87' lang='lat' dir='ltr'>Antonium</span> <span class='ocrx_word' id='word_1_190' title='bbox 493 2488 541 2524; x_wconf 93' lang='lat' dir='ltr'>T.</span> <span class='ocrx_word' id='word_1_191' title='bbox 560 2497 607 2524; x_wconf 91' lang='lat'>11.</span> <span class='ocrx_word' id='word_1_192' title='bbox 631 2488 730 2525; x_wconf 91' lang='lat' dir='ltr'>Bibl.</span> <span class='ocrx_word' id='word_1_193' title='bbox 745 2488 902 2537; x_wconf 80' lang='lat' dir='ltr'>Hispan.</span> <span class='ocrx_word' id='word_1_194' title='bbox 924 2501 966 2538; x_wconf 88' lang='lat' dir='ltr'>p.</span> <span class='ocrx_word' id='word_1_195' title='bbox 988 2493 1078 2530; x_wconf 73' lang='lat'><strong>272.</strong></span> 
     </span>
    </p>

    <p class='ocr_par' dir='ltr' id='par_1_9' title="bbox 106 2547 1538 2664">
     <span class='ocr_line' id='line_1_25' title="bbox 106 2547 1538 2600; baseline -0.003 -13"><span class='ocrx_word' id='word_1_196' title='bbox 106 2555 205 2595; x_wconf 82' lang='grc'><strong>1549</strong></span> <span class='ocrx_word' id='word_1_197' title='bbox 236 2550 353 2588; x_wconf 90' lang='lat' dir='ltr'>Libro</span> <span class='ocrx_word' id='word_1_198' title='bbox 373 2551 422 2588; x_wconf 89' lang='lat' dir='ltr'>de</span> <span class='ocrx_word' id='word_1_199' title='bbox 446 2550 503 2587; x_wconf 92' lang='lat' dir='ltr'>los</span> <span class='ocrx_word' id='word_1_200' title='bbox 524 2551 787 2587; x_wconf 82' lang='lat' dir='ltr'>Comeutarios</span> <span class='ocrx_word' id='word_1_201' title='bbox 809 2550 857 2587; x_wconf 91' lang='lat' dir='ltr'>de</span> <span class='ocrx_word' id='word_1_202' title='bbox 878 2551 993 2600; x_wconf 74' lang='lat' dir='ltr'>Gayo</span> <span class='ocrx_word' id='word_1_203' title='bbox 1006 2549 1110 2588; x_wconf 88' lang='lat' dir='ltr'>Julio</span> <span class='ocrx_word' id='word_1_204' title='bbox 1126 2549 1244 2587; x_wconf 83' lang='lat' dir='ltr'>Cesar</span> <span class='ocrx_word' id='word_1_205' title='bbox 1264 2548 1311 2584; x_wconf 91' lang='lat' dir='ltr'>de</span> <span class='ocrx_word' id='word_1_206' title='bbox 1331 2547 1386 2583; x_wconf 88' lang='lat' dir='ltr'>las</span> <span class='ocrx_word' id='word_1_207' title='bbox 1402 2557 1538 2596; x_wconf 81' lang='lat' dir='ltr'>guerra</span> 
     </span>
     <span class='ocr_line' id='line_1_26' title="bbox 152 2614 985 2664; baseline -0.001 -13"><span class='ocrx_word' id='word_1_208' title='bbox 152 2614 201 2651; x_wconf 88' lang='lat' dir='ltr'>de</span> <span class='ocrx_word' id='word_1_209' title='bbox 221 2614 257 2651; x_wconf 87' lang='lat' dir='ltr'>la</span> <span class='ocrx_word' id='word_1_210' title='bbox 273 2614 403 2652; x_wconf 79' lang='lat' dir='ltr'>Gallia</span> <span class='ocrx_word' id='word_1_211' title='bbox 421 2614 552 2651; x_wconf 88' lang='lat' dir='ltr'>Africa</span> <span class='ocrx_word' id='word_1_212' title='bbox 573 2628 595 2663; x_wconf 82' lang='lat' dir='ltr'>y</span> <span class='ocrx_word' id='word_1_213' title='bbox 615 2615 780 2664; x_wconf 90' lang='lat' dir='ltr'>Espana.</span> <span class='ocrx_word' id='word_1_214' title='bbox 803 2614 924 2651; x_wconf 87' lang='lat' dir='ltr'>Paris.</span> <span class='ocrx_word' id='word_1_215' title='bbox 950 2618 985 2650; x_wconf 87' lang='lat'><strong>8.</strong></span> 
     </span>
    </p>

    <p class='ocr_par' dir='ltr' id='par_1_10' title="bbox 106 2676 934 2719">
     <span class='ocr_line' id='line_1_27' title="bbox 106 2676 934 2719; baseline 0.002 -7"><span class='ocrx_word' id='word_1_216' title='bbox 106 2682 205 2719; x_wconf 84' lang='lat'>1570</span> <span class='ocrx_word' id='word_1_217' title='bbox 231 2677 377 2715; x_wconf 88' lang='lat' dir='ltr'>Toleti.</span> <span class='ocrx_word' id='word_1_218' title='bbox 401 2682 436 2715; x_wconf 85' lang='lat' dir='ltr'><strong>S.</strong></span> <span class='ocrx_word' id='word_1_219' title='bbox 466 2683 623 2715; x_wconf 86' lang='lat' dir='ltr'>auctore</span> <span class='ocrx_word' id='word_1_220' title='bbox 645 2677 757 2715; x_wconf 82' lang='lat' dir='ltr'>Petro</span> <span class='ocrx_word' id='word_1_221' title='bbox 778 2676 934 2714; x_wconf 88' lang='lat' dir='ltr'>Garzia.</span> 
     </span>
    </p>

    <p class='ocr_par' dir='ltr' id='par_1_11' title="bbox 108 2735 1552 2790">
     <span class='ocr_line' id='line_1_28' title="bbox 108 2735 1552 2790; baseline -0.002 -15"><span class='ocrx_word' id='word_1_222' title='bbox 108 2737 200 2777; x_wconf 79' lang='grc'><strong>1621</strong></span> <span class='ocrx_word' id='word_1_223' title='bbox 234 2739 308 2778; x_wconf 90' lang='lat' dir='ltr'>Los</span> <span class='ocrx_word' id='word_1_224' title='bbox 326 2739 592 2778; x_wconf 80' lang='lat' dir='ltr'>Comentarios</span> <span class='ocrx_word' id='word_1_225' title='bbox 611 2739 660 2778; x_wconf 88' lang='lat' dir='ltr'>de</span> <span class='ocrx_word' id='word_1_226' title='bbox 681 2740 793 2790; x_wconf 67' lang='lat' dir='ltr'>Gayo</span> <span class='ocrx_word' id='word_1_227' title='bbox 812 2740 834 2778; x_wconf 93' lang='lat' dir='ltr'>J</span> <span class='ocrx_word' id='word_1_228' title='bbox 840 2739 915 2777; x_wconf 86' lang='lat' dir='ltr'>ulio</span> <span class='ocrx_word' id='word_1_229' title='bbox 945 2739 1062 2777; x_wconf 85' lang='lat' dir='ltr'>Cesar</span> <span class='ocrx_word' id='word_1_230' title='bbox 1091 2735 1318 2776; x_wconf 81' lang='lat' dir='ltr'>traducidos</span> <span class='ocrx_word' id='word_1_231' title='bbox 1338 2748 1385 2773; x_wconf 88' lang='lat' dir='ltr'>en</span> <span class='ocrx_word' id='word_1_232' title='bbox 1406 2735 1552 2774; x_wconf 73' lang='lat' dir='ltr'>Castel-</span> 
     </span>
    </p>
   </div>
  </div>
 </body>
</html>
