1872 3104
476 551 774 600 JOSEPHI
813 550 1191 601 SCALIGERI

279 728 802 807 NOTITIA
872 732 1393 808 GALLIAE.

99 1114 260 1171 ANTE
283 1134 480 1185 tempora
502 1129 704 1183 Augusti,
736 1131 812 1183 qui
834 1131 887 1171 de
914 1132 1082 1184 imperii
1106 1132 1293 1173 Romani
1316 1133 1564 1175 Provinciis

100 1199 385 1252 scripserunt,
420 1199 463 1238 in
503 1198 718 1238 divisione
759 1197 1005 1238 Galliarum
1039 1212 1258 1252 nunquam
1282 1201 1564 1242 Provinciam

102 1266 431 1307 Narbonensem
463 1264 846 1317 comprehendunt,
871 1279 970 1318 qnae
1000 1266 1109 1306 intra
1141 1266 1297 1319 Alpes,
1330 1267 1357 1307 J
1363 1280 1563 1308 urassum

97 1338 297 1382 montem,
323 1333 563 1382 Cebennas,
586 1332 763 1372 Tarnim
795 1332 986 1382 fluvium,
1020 1333 1304 1384 Garumnam,
1329 1335 1564 1388 Pyrenaeo-

96 1414 190 1440 rum
220 1401 403 1449 initium,
436 1406 479 1440 et
506 1413 625 1440 mare
658 1400 998 1441 Massilioticum
1030 1402 1344 1442 continebatur.
1406 1402 1564 1455 Itaque

97 1480 194 1508 cum
223 1468 338 1521 apud
359 1468 457 1508 illos
479 1469 711 1520 scriptores
729 1467 971 1507 Galliarum
1001 1469 1160 1508 mentio
1181 1470 1385 1517 occurrit,
1405 1470 1563 1522 excipe

97 1546 266 1588 semper
287 1534 637 1583 Narbonensem,
660 1535 697 1574 si
728 1547 795 1574 res
826 1540 959 1586 gestae
983 1539 1081 1575 ante
1110 1536 1342 1588 imperium
1373 1535 1563 1588 Augusti

96 1606 403 1643 memorantur.
485 1602 540 1642 Et
576 1601 750 1654 quidem
787 1614 899 1641 unus
939 1603 1130 1642 omnium
1169 1602 1467 1643 Romanorum
1509 1602 1560 1643 C.

97 1667 264 1718 Caesar,
275 1672 322 1708 ut
337 1668 506 1708 Gallias
519 1669 696 1708 arbitrio
711 1680 926 1708 armorum
942 1668 1126 1720 subegit,
1141 1670 1200 1709 ita
1224 1670 1354 1708 etiam
1369 1682 1447 1708 suo
1463 1669 1561 1709 illas

96 1732 261 1785 'divisit3
281 1735 323 1774 in
338 1735 510 1787 Belgas,
524 1747 549 1773 a
564 1734 720 1774 Rheno
735 1735 790 1774 ad
809 1734 1073 1787 Sequanam:
1095 1735 1193 1775 hinc
1209 1735 1264 1774 ad
1277 1735 1559 1785 Garumnam,

96 1802 141 1841 in
163 1800 338 1842 Celtas:
372 1802 488 1855 quod
521 1802 733 1855 reliquum
764 1805 845 1850 est,
866 1803 977 1842 intra
1000 1802 1283 1851 Garumnam,
1307 1802 1561 1855 Pyrenaeos,

95 1872 137 1909 et
155 1882 271 1909 mare
294 1868 536 1918 Oceanum,
560 1870 602 1909 in
624 1868 888 1921 Aquitanos.
950 1868 1036 1908 Sed
1058 1869 1151 1909 haec
1173 1869 1297 1909 tertia
1319 1881 1438 1920 parS,
1461 1882 1561 1908 cum

95 1936 295 1976 alterutra
316 1937 506 1989 priorum
542 1940 812 1989 comparata,
846 1935 955 1975 adeo
986 1937 1146 1987 exigua
1176 1936 1274 1975 visa
1305 1939 1384 1983 est,
1407 1935 1562 1976 utalia

96 2001 255 2042 divisio
276 2003 541 2044 instituenda
560 2003 704 2042 suerit.
747 2002 904 2055 Itaque
925 2001 1152 2054 Augustus
1173 2015 1260 2041 non
1283 2002 1423 2042 solum
1444 2003 1562 2043 illam

96 2068 351 2108 divisionem
374 2069 621 2121 castigavit,
645 2069 722 2109 sed
744 2069 789 2108 in
806 2082 921 2109 nova
943 2068 1184 2109 Galliarum
1206 2069 1420 2109 divisione
1440 2070 1562 2110 insti-

95 2134 251 2175 tuenda
268 2135 398 2174 etiam
414 2136 695 2176 Provinciam
714 2136 1047 2176 Narbonensem
1064 2137 1322 2189 complexus
1339 2141 1401 2176 est
1412 2151 1421 2187 ;
1432 2137 1562 2189 'quic-

98 2200 203 2255 quid
235 2203 347 2242 intra
380 2201 533 2255 AlpeS,
573 2216 689 2243 mare
730 2203 1116 2252 Mediterraneum,
1151 2208 1191 2243 et
1232 2203 1474 2252 Oceanum,
1518 2206 1561 2243 et

99 2267 302 2308 Rhenum
325 2270 579 2318 continetur,
601 2282 687 2310 uno
709 2269 950 2310 Galliarum
976 2272 1150 2310 nomine
1174 2270 1560 2323 comprehendens,

96 2338 139 2375 et
153 2335 364 2388 quicquid
395 2336 508 2376 intra
538 2336 634 2376 illos
666 2337 770 2376 fines
791 2338 922 2377 situm
953 2342 1031 2387 est,
1063 2339 1107 2377 in
1139 2337 1289 2377 decem
1318 2343 1359 2378 et
1391 2341 1558 2390 septem

98 2401 356 2441 Provincias
398 2403 580 2454 partitus
608 2407 687 2452 est,
731 2404 954 2456 Belgicam
984 2406 1186 2457 primam,
1226 2404 1453 2455 Belgicam
1492 2416 1560 2443 se-

97 2467 299 2516 cundam,
323 2468 604 2508 Germaniam
634 2470 832 2522 primam,
856 2470 1135 2511 Germaniam
1169 2470 1417 2518 secundam,
1444 2470 1559 2522 Lug-

97 2534 311 2575 dunenses
353 2540 555 2587 quatuor,
598 2535 843 2576 Maximam
892 2538 1208 2588 Sequanorum,
1253 2537 1558 2586 Yiennensem,

98 2600 236 2655 Alpes
258 2602 417 2643 Graias
445 2608 486 2642 et
507 2603 734 2653 Poeninas,
754 2603 895 2656 Alpes
916 2605 1170 2653 maritimas,
1201 2604 1387 2656 primam
1417 2602 1558 2656 Aqui-

98 2669 273 2720 taniam,
295 2669 531 2710 secundam
552 2668 851 2724 Aquitaniam,
875 2670 1351 2724 Novempopulaniam.
1393 2669 1559 2712 Postea
