1872 3104
594 556 854 611 QUAEDA
862 557 922 604 M
952 558 1137 606 LOCA

840 683 889 711 m

238 789 669 850 CAESARIS
723 790 1509 849 COMMENTARIIS

670 925 1068 973 DISCUSSA.

144 1195 287 1238 Multa
307 1202 403 1238 sunt
423 1198 464 1238 in
488 1198 819 1240 Commentariis
843 1199 943 1238 belli
966 1197 1127 1237 Gallici
1147 1196 1263 1249 apud
1287 1197 1336 1237 C.
1359 1196 1593 1243 Caesarem,

199 1278 297 1317 qua:
328 1266 517 1305 nondum
548 1267 774 1319 explorata
806 1270 925 1306 sunt:
958 1265 1091 1305 multa
1122 1265 1250 1305 etiam
1271 1276 1369 1317 quae
1402 1262 1513 1302 male
1539 1260 1595 1301 ad

199 1337 364 1372 veteres
386 1333 700 1385 appellationes
723 1334 867 1382 relata,
899 1346 998 1385 quae
1020 1345 1097 1371 nos
1118 1331 1367 1381 castiganda
1398 1328 1594 1381 suscepi-

197 1411 307 1438 mus.
369 1399 687 1440 Obscuritatcm
720 1402 849 1441 ctiam
875 1400 1042 1453 peperit
1073 1399 1239 1451 duplex
1273 1397 1511 1451 appellatio
1532 1395 1596 1435 lo-

198 1478 347 1506 corum
380 1465 497 1518 apud
530 1471 720 1507 veteres:
761 1471 808 1507 ut
845 1466 1017 1506 Scaldis
1061 1470 1102 1506 ct
1136 1465 1321 1505 Tabuda
1356 1464 1469 1504 idem
1505 1465 1596 1512 cst3

198 1531 386 1572 Phrudis
420 1538 462 1572 ct
501 1533 694 1583 Sumina,
734 1532 773 1572 la
820 1533 963 1573 riviere
1002 1531 1050 1572 (Ie
1093 1531 1273 1579 Somme5
1320 1530 1512 1583 Obrinca
1555 1531 1598 1568 ct

200 1598 407 1651 Mosella3
439 1598 588 1640 Araris
618 1604 661 1640 ct
692 1600 889 1653 Sagoua3
933 1601 1287 1653 Bratuspantium
1321 1603 1363 1639 et
1395 1597 1595 1638 Caesaro-

198 1677 365 1718 magus,
397 1665 437 1705 la
469 1665 563 1707 ville
585 1666 632 1706 cle
654 1666 890 1716 flemma-,-
935 1668 1135 1708 Bononia
1163 1667 1393 1714 maritima,
1417 1669 1458 1705 et
1487 1663 1597 1703 Ges-

199 1732 408 1772 soriacus.
481 1733 590 1773 ltem
627 1734 800 1774 nomina
835 1735 1095 1787 populorum
1130 1746 1209 1787 pro
1246 1734 1344 1785 ipsa
1387 1731 1508 1778 urbe,
1550 1732 1597 1768 ut

198 1799 360 1840 Parisii
382 1814 461 1853 pro
475 1800 671 1841 Lutetia:
701 1800 897 1841 Turones
917 1813 996 1853 pro
1015 1799 1337 1840 Caesaroduno:
1370 1795 1596 1838 Aureliani

197 1880 276 1920 pro
296 1866 495 1917 Genabo,
510 1873 551 1908 et
570 1869 658 1908 alia
679 1868 852 1908 similia.
914 1867 1010 1908 Nos
1026 1879 1173 1920 pauca
1193 1866 1269 1906 sed
1289 1866 1428 1917 magis
1447 1874 1596 1903 neces-

199 1935 314 1974 saria
334 1935 377 1973 in
398 1934 574 1976 Caesare
595 1934 900 1975 delibabimus.

142 2030 303 2089 „qTUA
312 2058 415 2089 TICI.
474 2043 740 2086 Atuatucam
760 2048 826 2086 est
844 2046 948 2085 urbs
967 2044 1254 2096 Tungrorum,
1272 2054 1370 2094 quae
1389 2044 1430 2080 et
1450 2039 1597 2080 hodie-

143 2124 226 2165 que
251 2109 288 2151 T
287 2126 428 2166 ungres
461 2112 630 2152 dicitur.
692 2112 804 2153 Cum
834 2125 861 2153 a
881 2112 1087 2153 Barbaris
1126 2112 1300 2150 vastata
1330 2110 1457 2156 esset,
1482 2107 1598 2160 epis-

144 2183 330 2231 copatus
351 2179 581 2220 translatus
596 2179 678 2220 fuit
694 2181 738 2220 in
750 2180 1002 2235 Trajectum
1021 2177 1181 2226 Mosae,
1197 2176 1329 2228 vulgo
1348 2172 1598 2213 Mastriclzt:

144 2245 221 2286 sed
242 2251 282 2285 et
315 2246 389 2286 illa
416 2259 586 2300 quoque
616 2248 721 2287 urbe
753 2261 780 2287 a
801 2247 1066 2288 Normannis
1096 2246 1289 2293 incensa,
1311 2243 1598 2295 episcopatus

143 2312 188 2352 in
220 2312 363 2356 vicum
397 2312 545 2354 Sancti
580 2313 798 2356 Lamberti
830 2315 1079 2365 traductus3
1123 2312 1199 2366 qui
1229 2310 1358 2351 hodie
1389 2307 1599 2349 Leodium

144 2378 312 2428 dicitur,
343 2379 389 2419 id
421 2384 488 2421 est
518 2379 791 2432 Hominium,
827 2383 934 2436 quia
953 2385 1066 2422 esset.
1099 2380 1152 2419 de
1182 2376 1377 2419 hominio
1407 2378 1449 2415 et
1468 2373 1598 2414 feudo

143 2444 358 2498 Episcopi
396 2446 672 2499 Tungrensis.
747 2448 799 2488 In
836 2448 1044 2489 Conciliis
1084 2443 1326 2487 Gallicanis
1365 2442 1600 2494 episcopus

142 2510 436 2565 Trajectensis
475 2526 555 2566 pro
593 2514 864 2567 Tungrorum
903 2515 1114 2567 episcopo
1152 2511 1320 2563 legitur.
1381 2506 1499 2547 Cave
1536 2506 1600 2546 in-

142 2577 314 2630 telligas
353 2578 604 2634 Trajectum
645 2579 775 2629 Reni,
816 2580 946 2632 wilgo
991 2577 1176 2617 Utrecht.
1256 2573 1599 2621 Bekkeselenus‚

142 2656 229 2697 quo
248 2646 393 2690 nullus
426 2648 674 2689 mortalium
711 2647 848 2699 magis
881 2646 1043 2686 abusus
1073 2647 1140 2685 est
1168 2645 1210 2684 et
1238 2641 1407 2694 ingenio
1437 2644 1479 2681 et
1510 2640 1600 2681 otio

144 2721 239 2760 suo,
267 2713 448 2754 multum
465 2713 612 2764 sudat,
642 2718 691 2754 ut
720 2711 986 2767 persuadeat
1014 2709 1250 2752 Atuaticos
1272 2707 1466 2749 Caesaris
1502 2718 1599 2747 esse
