1872 3104
590 174 630 201 c.
662 171 700 202 s.
732 169 948 201 cAEsAms
982 170 1115 201 νιΤΑ.
1466 164 1574 206 1961

682 339 717 380 C
732 338 773 379 A
787 339 840 381 P.
881 339 1015 381 XLI.

126 440 324 481 Pompeium
340 437 494 479 praefecti
511 438 651 469 consilio
664 447 723 468 sno
741 438 789 468 uti
807 447 872 468 non
895 439 1080 478 patiuntur.
1126 439 1240 470 Caesar
1257 439 1422 480 Gomphis
1438 439 1581 471 Thessa-

331 492 382 522 liae
400 492 482 522 urbe
502 492 610 532 captis
627 491 749 522 famem
767 500 802 522 et
819 492 906 522 luem
921 492 963 522 ab
981 493 1136 525 exercitu
1152 502 1209 523 suo
1226 498 1372 523 amovet.

176 585 245 622 Διὰ
265 590 379 623 ταῦτα
401 584 584 636 Πομπηΐῳ
602 587 793 635 μάχεσθαι
815 589 864 632 μὴ
884 583 1103 635 βουλομένῳ
1118 587 1127 603 ¹
1151 587 1259 635 μόνος
1280 586 1408 636 ἐπῄνει
1428 584 1576 630 Κάτων,

122 647 240 698 φειδοῖ
259 656 331 686 τῶν
351 652 523 686 πολιτῶν·
567 649 604 686 ὅς
625 665 670 696 γε
690 650 749 685 καὶ
770 647 848 685 τούς
864 651 1044 685 πεσόντας
1063 650 1103 685 ἑν
1124 652 1166 700 τῇ
1180 653 1284 701 μάχῃ
1304 656 1374 685 τῶν
1393 651 1581 697 πολεμίων

123 714 173 749 εἷς
192 715 336 763 χιλίους
352 714 367 731 ²
396 713 435 750 τὸ
465 716 602 757 πλῆθος
623 716 859 762 γενομένους,
883 711 981 756 ἰδὼν,
1003 714 1171 756 ἀπῆλθεν
1191 713 1500 760 ἐγκαλυψάμενος
1520 713 1579 749 καὶ

511 777 518 786 ⁹
567 779 574 790 v
615 778 629 789 nr
777 780 783 788 ι
909 777 917 788 »
935 791 941 796 ·
953 777 962 787 ι
982 792 987 796 ¹
1130 777 1138 787 x
1323 779 1350 787 ,..

468 776 517 814 Oc
546 775 565 813 ὅ
609 779 718 812 αλλοι
740 791 874 813 παντες
903 776 1074 814 εκακιὲον
1103 791 1166 812 τον
1193 774 1393 824 Πομπηιον
1414 784 1581 825 φυγομα-

1401 836 1413 856 3

122 775 410 824 καταδακρύσας.

121 843 275 890 χοῦντα,
295 843 354 877 καὶ
373 841 600 889 παρώξυναν,
629 839 902 889 Ἀγαμέμνονα
923 842 981 876 καὶ
999 838 1169 885 βασιλέα
1191 837 1386 885 βασιλέων
1445 840 1582 875 ἀποκα-

120 905 281 948 λοῦντες,
298 908 342 941 ὡς
361 904 403 948 δὴ
428 907 478 955 μὴ
498 904 732 954 βουλόμενον
749 905 957 940 ἀποθέσθαι
976 905 1042 947 τὴν
1061 906 1288 952 μοναρχίαν,
1308 904 1393 938 ἀλλ’
1413 902 1580 948 ἀγαλλό-

119 982 248 1015 μενον,
270 969 463 1017 ἡγεμόνων
483 967 666 1004 τοσούτων
687 968 938 1016 ἐξηρτημένων
966 967 1077 1002 αὐτοῦ
1107 967 1164 1002 καὶ
1189 966 1396 1016 φοιτώντων
1417 965 1474 1000 ἐπὶ
1496 971 1581 1009 ’σκη-

120 1035 200 1075 νήν.
256 1030 416 1068 Φαώνιος
446 1029 500 1074 δὲ,
536 1033 601 1074 τὴν
635 1030 809 1067 Κάτωνος
847 1031 1059 1079 παῤῥησίαν
1093 1029 1391 1078 ὑποποιούμενος,
1421 1035 1581 1078 μανικῶς

119 1093 387 1143 ἑσχετλίαὲεν,
424 1096 455 1131 εἶ
489 1093 584 1143 μηδὲ
621 1100 722 1137 τῆτες
759 1095 864 1131 ἔσται
892 1101 965 1131 τῶν
992 1096 1072 1142 περὶ
1100 1094 1341 1130 Τουσκλάνον
1364 1095 1581 1129 ἀπολαῦσαι

122 1155 252 1201 σύκων,
274 1156 334 1194 διὰ
367 1161 433 1203 τὴν
461 1156 662 1207 Πομπηΐου
691 1161 919 1208 μοναρχίαν.
972 1157 1173 1207 Ἀφράνιος
1205 1156 1244 1194 δὲ
1273 1157 1419 1204 (νεωστὶ
1453 1158 1524 1204 ’γὰρ
1545 1156 1582 1201 ἐξ

118 1219 279 1270 Ἰβηρίας
297 1223 426 1272 ἀφῖκτο
447 1228 558 1258 κακῶς
581 1224 869 1269 στρατηγήσας,)
889 1220 1190 1272 διαβαλλόμενος
1219 1222 1278 1258 ἐπὶ
1306 1225 1472 1271 χρήμασι
1497 1233 1581 1267 προ·

123 1282 250 1321 δοῦναι
271 1284 334 1321 τὸν
357 1286 524 1333 στρατὸν,
545 1287 677 1332 ἠρώτα,
699 1283 759 1320 διὰ
786 1287 823 1321 τί
850 1285 937 1331 πρὸς
966 1285 1030 1322 τὸν
1059 1287 1220 1334 ἔμπορον
1250 1286 1291 1321 οὗ
1309 1285 1498 1337 μάχονται
1518 1282 1582 1319 τὸν

122 1349 332 1396 ἐωνημένον
349 1351 432 1396 παρ’
453 1351 564 1385 αὑτοῦ
584 1350 646 1384 τὰς
666 1349 882 1398 ἐπαρχίας.4
907 1349 969 1385 Ἐκ
995 1349 1131 1386 τούτων
1160 1350 1336 1385 ἁπάντων
1359 1348 1583 1384 συνελαυνό-

1473 1409 1521 1448 ‘O
1541 1408 1582 1447 δὲ

119 1477 185 1519 τὴν
203 1476 274 1525 μὲν
293 1476 415 1520 ἄλλην
432 1481 587 1523 πορείαν
604 1477 615 1497 ⁵
637 1478 813 1526 χαλεπῶς
834 1477 982 1520 ἤνυσεν,
1003 1474 1150 1513 οὐδενός
1179 1479 1403 1525 παρέχοντος
1423 1475 1582 1520 ἀγορὰν,

119 1426 228 1461 μενος
248 1412 345 1448 ἄκων
365 1415 415 1448 εἰς
434 1416 564 1462 μάχην
583 1413 601 1448 ὁ
621 1411 814 1462 Πομπήϊος
835 1414 966 1463 ἐχώρει
986 1414 1049 1450 τὸν
1069 1414 1248 1461 Καίσαρα
1269 1411 1418 1449 διώκων.

120 1540 223 1575 ἀλλὰ
241 1539 391 1576 πάντων
411 1539 736 1589 καταφρονούντων
756 1537 817 1576 διὰ
836 1542 902 1584 τὴν
923 1541 1084 1590 ἔναγχος
1103 1538 1230 1584 ἧτταν.
1260 1538 1321 1575 Ὠς
1340 1537 1370 1575 δ’
1388 1536 1467 1574 εἷλε
1487 1536 1582 1587 Γόμ-

121 1600 237 1652 φους,6
255 1602 494 1648 Θεσσαλικὴν
514 1606 636 1647 πόλιν,
657 1606 698 1640 οὒ
717 1605 832 1652 μόνον
853 1604 985 1653 ἔθρεψε
1014 1606 1080 1649 τὴν
1110 1604 1297 1651 στρατιὰν,
1319 1604 1420 1639 ἀλλὰ
1441 1603 1500 1639 καὶ
1520 1605 1582 1639 τοῦ

121 1666 324 1713 νοσήματος
355 1667 546 1711 ἀπήλλαξε
582 1668 817 1714 παραλόγως.
870 1667 1039 1718 Ἀφθόνῳ
1068 1670 1140 1715 ’γὰρ
1179 1668 1356 1717 ἐνέτυχον
1393 1667 1491 1715 οἴνῳ,
1521 1667 1581 1701 καὶ

118 1729 260 1765 πιόντες
277 1727 426 1774 ἀνέδην,
447 1727 525 1766 εἶτα
545 1731 729 1780 χρώμενοι
759 1735 900 1780 κώμοις,
935 1733 992 1768 καὶ
1021 1730 1271 1781 βακχεύοντες
1299 1731 1373 1767 ἀνὰ
1394 1731 1459 1772 τὴν
1479 1727 1578 1773 ὁδὸν,

777 1838 918 1869 NOTAE

164 1909 180 1938 1
199 1906 392 1948 Βουλομένῳ]
411 1908 457 1939 Ηί
474 1909 580 1941 dativi
598 1915 740 1951 possunt
752 1921 826 1942 esse

120 1955 278 1996 absoluti,
301 1968 362 1998 pro
386 1959 558 1999 genitivis,
583 1970 724 2001 quornm
750 1962 825 1993 loco

118 2005 288 2038 interdum
301 2009 452 2040 adhiberi
471 2011 590 2042 solent.
636 2012 728 2042 Malo
747 2022 825 2044 vero

120 2065 182 2095 pro
198 2055 300 2098 ἐπῄνει
325 2060 439 2099 legere
467 2060 552 2102 ἐτι-ᾔει
577 2066 761 2101 accesserat,
787 2067 825 2094 ut

122 2106 163 2137 ab
180 2107 242 2138 hoc
257 2110 362 2140 verbo
379 2111 426 2141 illi
445 2113 586 2150 genitivi
604 2113 787 2152 pendeant.

164 2159 184 2187 2
206 2156 256 2188 Εἷς
271 2158 406 2199 χιλίους]
429 2162 508 2192 Dno
534 2163 639 2193 millia
661 2173 749 2194 caesa
771 2163 821 2194 fn-

121 2205 187 2237 isse
202 2207 406 2239 Plutarchus
431 2210 537 2242 iefert
553 2212 585 2242 in
604 2212 683 2243 Vita
700 2213 820 2254 Pomp.

121 2266 149 2287 c.
167 2259 221 2287 65,
265 2258 433 2289 Minorem
458 2270 632 2292 nnmerum
657 2263 820 2294 veriorem

122 2316 208 2347 esse,
223 2317 266 2338 ex
290 2309 376 2340 Caes.
400 2310 442 2341 de
467 2312 506 2341 B.
525 2312 564 2342 C.
581 2321 636 2343 111.
655 2315 707 2343 71.
731 2313 822 2344 vide-

125 2356 187 2388 bis.

165 2409 183 2437 3
207 2407 344 2438 Βασιλέα
367 2408 538 2452 βασιλέων]
561 2411 605 2442 Η.
624 2422 653 2442 e.
677 2413 743 2442 ’τοῖς
764 2413 823 2452 ἀξι-

121 2458 188 2488 οῦσι
202 2460 258 2495 τῆς
273 2458 448 2498 οἰκουμένης
459 2460 567 2501 ἄρχειν
581 2462 738 2502 χρώμενον
752 2464 824 2499 ὑπη-

121 2507 224 2548 ρέταις
252 2509 301 2540 καὶ
332 2509 516 2551 δορυφόροις.
576 2513 718 2543 Dictum
750 2518 825 2544 erat

123 2559 267 2590 Domitii
280 2559 509 2592 Ahenobarbi.
545 2562 614 2592 Vit.
632 2562 752 2602 Pomp.
769 2566 821 2594 67.

124 2609 263 2640 Favonii
276 2611 404 2641 dictum
420 2611 544 2641 ibidem
563 2612 746 2651 repetitum
762 2617 823 2642 est.

123 2658 177 2690 cf.
194 2660 296 2691 etiam
313 2662 428 2692 Caesar
443 2671 500 2692 111.
517 2665 567 2692 82.
584 2665 637 2692 83.

165 2715 184 2743 4
205 2712 266 2744 Τὰς
291 2713 455 2755 ἐπαρχίας]
479 2713 524 2745 Η.
549 2724 599 2745 e.:
625 2714 659 2745 Si
676 2724 730 2745 res
754 2719 823 2745 tam

880 1910 990 1941 facilis
1012 1914 1078 1949 est,
1101 1914 1203 1950 atque
1226 1908 1322 1939 vobis
1343 1907 1481 1939 videtui·
1497 1916 1583 1946 esse,

880 1970 954 1989 cnm
982 1959 1118 1990 Caesare
1145 1959 1316 1997 dimicare,
1342 1967 1486 1998 eumque
1512 1957 1583 1987 vin-

879 2019 971 2048 cere,
990 2014 1039 2049 nt,
1056 2009 1112 2050 qui
1135 2009 1242 2039 minus
1265 2007 1399 2047 fecerit,
1415 2008 1442 2038 is
1465 2007 1582 2038 statim

879 2060 1007 2090 venalis
1023 2064 1125 2100 atque
1143 2059 1299 2099 proditor
1323 2059 1365 2089 sit
1391 2058 1581 2097 habendus,

879 2120 982 2141 eccur
998 2120 1056 2141 vos
1081 2110 1145 2150 ipsi
1170 2109 1378 2140 cunctamini
1405 2118 1480 2139 cum
1508 2108 1583 2139 Cae-

876 2170 951 2191 sare
979 2161 1156 2198 dimicare,
1179 2170 1324 2201 cumque
1352 2160 1502 2199 w'ncere,
1524 2158 1583 2200 qni

876 2215 972 2241 certe
988 2220 1054 2241 non
1071 2210 1233 2241 videmini
1251 2211 1338 2241 velle
1359 2210 1500 2248 crimen,
1518 2218 1582 2250 qno

876 2271 938 2300 ego
967 2265 1126 2301 gravatus
1157 2261 1287 2300 laboro,
1316 2260 1357 2291 ad
1382 2270 1441 2291 vos
1463 2259 1584 2290 admit-

876 2312 969 2342 tere?
996 2312 1120 2342 Reiske.
1157 2311 1195 2342 L.
1215 2309 1396 2341 Afranium
1420 2308 1583 2350 proditio-

876 2363 927 2393 nis
942 2363 1114 2394 exercitus
1129 2362 1245 2393 Attius
1259 2361 1370 2393 Rufus
1386 2360 1475 2400 apud
1484 2360 1583 2390 Pom-

878 2414 991 2454 peium
1010 2414 1257 2454 postulaverat.
1303 2413 1394 2443 Caes.
1409 2411 1432 2441 1.
1449 2412 1472 2441 l.

919 2468 938 2494 5
963 2462 1106 2504 Πορεέαν]
1143 2464 1200 2493 De
1226 2471 1293 2502 qua
1325 2461 1390 2491 vid.
1422 2461 1509 2491 CaeS.
1539 2457 1582 2488 de

879 2514 920 2544 B.
939 2514 976 2544 C.
996 2523 1050 2544 111.
1066 2517 1118 2544 72.
1135 2522 1231 2553 seqq.

918 2566 939 2593 6
962 2562 1112 2603 Γόμφους]
1133 2563 1284 2592 Primum
1302 2560 1465 2600 oppidum
1478 2555 1583 2590 Thes-

878 2613 969 2642 saliae
994 2612 1209 2643 venientibus
1242 2610 1283 2641 ab
1309 2610 1427 2650 Epiro,
1451 2609 1493 2640 de
1516 2618 1583 2650 quo

878 2669 1076 2705 expugnato
1094 2663 1163 2694 vid.
1179 2663 1266 2694 Caes⁴
1284 2670 1340 2692 111.
1356 2663 1410 2692 80.
