1872 3104
703 194 1039 226 LATml‘rATlS.

177 292 387 326 debitoribus
398 288 535 330 aliquid,
546 293 583 319 nt
598 295 715 318 omnes
730 287 764 317 in
782 287 828 318 ci-

176 337 282 368 vitate
293 334 463 366 debitores
475 331 638 361 minorem
651 339 827 370 summam,

174 387 275 419 quarn
298 379 457 418 quantam
484 377 600 404 mutuo
623 378 826 412 sumserant,

173 421 206 452 in
222 420 324 451 libros
340 417 507 448 rationum
523 424 628 446 novos
645 415 827 454 referrent,

173 462 344 500 minusque
360 458 543 490 solverent.
574 458 746 489 Dicuntur
762 457 825 490 Gr.

170 505 270 544 χρεῶν
282 501 434 533 ἀποκοπαὶ
451 506 486 532 et
509 499 702 540 σεισάχθεια.
741 500 826 532 Cum

167 555 251 629 (eligo
268 545 398 619 'caesg'r
428 543 463 592 id
489 553 581 617 ἑιὲιηο
610 543 704 626 ἑίὄεὲἰ)
718 543 826 615 ηοὲΙεῑ

267 597 332 618 lan.
380 596 426 618 ιν.
442 596 479 626 ιι,
535 610 543 617 .
562 595 594 627 p.
678 608 685 616 .
718 596 726 616 :
783 595 825 616 on

165 597 273 670 legggi
288 640 329 661 ea
356 630 398 661 de
425 639 462 660 re
487 629 580 668 tulit,
593 628 654 659 sed
677 627 825 659 arbitros

165 672 357 712 comtituit,
381 673 452 712 qui,
478 671 705 702 aestimatione
720 668 824 711 facta,

164 725 208 747 ex
222 724 320 756 aequo
333 720 370 746 et
386 714 474 745 bono
498 714 541 745 de
566 713 690 746 debitis
714 714 824 744 credi-

163 757 276 798 tisque
302 761 508 789 statuerent.
552 756 621 788 Sed
639 756 765 788 Caelius
778 756 824 788 le-

163 809 238 840 gem
254 799 297 830 de
313 800 376 832 hac
392 809 428 831 re
444 800 524 832 tulit
541 799 568 830 C
585 799 633 839 iii,
649 801 704 830 21.

130 840 313 874 Tabueatum
338 841 378 874 fit
400 851 419 874 e
448 842 585 881 tabulis,
609 851 685 883 quae
711 846 822 873 trans-

162 885 270 916 versis
287 886 390 926 tignis
407 885 625 925 imponuntur
650 884 683 916 G
709 884 753 925 vi,
767 886 821 916 29.

161 926 209 959 cf.
231 929 330 959 turris
344 933 381 959 et
395 926 616 958 contabulatio.

125 967 238 1010 Talea,
262 979 372 1002 ramus
395 970 533 1008 recisus,
557 970 616 1011 qui
645 974 738 1000 terra
764 968 822 1000 de-

159 1011 298 1044 foditur.
323 1012 378 1044 Ad
397 1012 497 1053 hujus
511 1012 766 1043 similitudinem
777 1015 823 1042 ta-

157 1055 214 1086 leoe
229 1055 326 1095 Gvii,
340 1057 393 1087 ⁷3.
409 1054 583 1086 dicuntur.
597 1053 653 1086 Cf.
670 1053 703 1085 G
721 1063 753 1092 ν,
769 1056 821 1085 12.

121 1097 403 1130 Tametsi—tamen
421 1097 454 1129 G
475 1097 497 1137 i,
521 1099 574 1128 30.
609 1096 666 1136 vii,
687 1098 741 1136 43,
767 1100 820 1127 50.

156 1139 229 1180 viii,
244 1143 286 1172 20
320 1141 348 1173 C
363 1140 411 1179 iii,
427 1141 482 1171 67.
496 1143 603 1171 tamen
616 1139 821 1171 etsi—tamen

157 1182 190 1214 G
207 1183 277 1223 viii,
291 1186 343 1215 lo.
367 1192 398 1215 v.
413 1182 573 1214 Oudend.
587 1182 629 1213 ad
646 1181 679 1213 G
695 1191 728 1221 v,
745 1183 797 1213 34.

120 1226 266 1263 Tantum,
281 1230 350 1257 tam
365 1235 496 1266 parum,
505 1225 648 1266 praesn'dii
662 1224 695 1256 G
706 1224 753 1264 vi,
765 1225 819 1256 35.

157 1268 281 1299 navium
297 1268 324 1300 C
342 1269 390 1307 iii,
405 1270 437 1300 2.

118 1310 265 1350 Tar-dari,
280 1310 406 1351 depon.
419 1310 445 1342 C
459 1311 559 1351 ii,43.
584 1311 650 1342 etsi
667 1309 744 1343 cod.
761 1319 819 1351 op-

157 1353 259 1384 timus
277 1354 325 1384 ibi
337 1353 451 1392 habet,
466 1354 644 1385 tardarent.

117 1394 232 1434 Tana,
247 1396 359 1436 arbor,
384 1396 479 1437 cujus
503 1397 619 1427 baccae
651 1397 816 1430 acriorem

152 1437 396 1479 letiferamque
412 1447 550 1470 succum
576 1439 704 1471 habent
720 1440 751 1472 G
769 1442 814 1482 vi,

116 1521 206 1554 Tecta
226 1523 324 1563 navis,
352 1533 430 1564 quae
462 1523 583 1555 tabulis
611 1523 754 1565 tegitur,
786 1536 812 1559 s.

152 1565 308 1597 tabulata
335 1566 452 1604 habet,
486 1575 506 1597 e
535 1566 657 1607 quibus
686 1569 811 1600 milites

151 1612 307 1649 pugnent
343 1614 379 1640 et
408 1608 471 1640 sub
506 1608 629 1649 quibus
666 1611 813 1651 remiges

154 1651 221 1682 tuti
235 1650 303 1681 sint
319 1650 347 1682 C
363 1650 385 1690 i,
400 1653 454 1682 56.
478 1650 514 1688 ii,
529 1654 562 1682 4.
607 1651 737 1684 Eadem
760 1658 812 1685 est

150 1695 320 1732 constrata,
331 1696 480 1732 contecta,
493 1691 722 1734 κατάφρακτος,
745 1696 811 1727 Ρο-

152 1735 220 1775 lyb.
264 1735 286 1773 i,
320 1738 374 1766 20.
421 1736 559 1776 Oppon.
597 1741 718 1776 aperta.
767 1737 812 1771 cf.

152 1777 288 1808 Ernesti
305 1777 356 1808 Cl.
374 1777 448 1809 Cic.
467 1778 503 1808 in
514 1777 691 1819 aphractus.

113 1819 228 1858 Tegere
242 1820 324 1850 latus
338 1819 369 1851 A
385 1821 439 1851 52.

112 1862 295 1936 Tegimenta
309 1866 464 1894 scutorum
479 1863 511 1895 G
530 1862 567 1903 ii,
579 1865 633 1895 21.
653 1865 814 1904 galearum

197 1904 315 1944 iu‚62

112 1946 318 1986 Temerarius,
342 1947 411 1979 fors
437 1948 608 1988 falsarius,
632 1949 690 1991 qui
713 1949 816 1982 fidem

150 1995 298 2021 temerat
311 1991 338 2021 A
356 1993 388 2021 7.

112 2031 258 2063 Temere:
272 2042 333 2064 non
363 2036 488 2073 temere,
515 2042 583 2064 non
605 2031 749 2066 sacileG
771 2035 816 2076 iv,

110 2116 328 2157 Tmpestates,
366 2117 489 2148 coelum
526 2117 714 2158 turbidum,
747 2129 816 2161 quo

150 2167 246 2232 Ἐᾶτε
274 2168 343 2190 non
369 2164 423 2190 est
449 2159 642 2200 navigabile
664 2161 696 2193 G
712 2162 760 2202 iii,
776 2164 816 2194 12

112 2242 242 2284 Tempus
255 2242 343 2274 anni.
366 2244 430 2275 diei
442 2243 475 2276 G
489 2244 548 2284 vii,
563 2247 616 2277 16.
628 2249 663 2276 et
679 2246 816 2287 passim,

147 2285 172 2318 i.
186 2295 216 2317 e.
234 2290 419 2327 momenta,
434 2287 540 2318 horae.

112 2328 260 2368 Tendere,
274 2328 309 2359 in
324 2329 479 2360 tentoriis
495 2338 569 2362 esse
586 2329 619 2362 G
636 2329 682 2370 vi,
695 2333 749 2362 3⁷.

111 2371 226 2402 Tenere
240 2373 373 2402 montem
389 2371 421 2404 G
437 2372 460 2411 i,
474 2374 528 2403 22.
565 2376 590 2403 t.
605 2382 638 2404 se
651 2373 765 2405 castris
781 2373 813 2406 G

149 2413 175 2451 i,
190 2415 245 2445 40.
288 2415 388 2445 teneri
404 2414 464 2456 (ad
480 2413 630 2447 officium
647 2420 812 2456 praestan-

150 2454 247 2497 dnm)
278 2456 484 2495 jurejurando
511 2457 545 2489 G
569 2457 591 2498 i,
615 2460 668 2490 31.
727 2459 812 2492 locus

149 2499 294 2539 egregius
309 2500 348 2530 ad
364 2501 510 2531 tenendas
524 2501 683 2541 anchoras,
693 2501 810 2542 jactas

148 2542 314 2572 anchoras
340 2541 486 2574 firmiter
513 2544 640 2575 retinet
665 2543 745 2576 Ao.
762 2545 807 2576 cf.

147 2593 262 2616 cursim.

109 2625 242 2658 Tentare
255 2625 421 2665 fortunam
445 2627 528 2667 belli,
543 2628 744 2669 permittere
758 2629 807 2662 in-

149 2674 246 2701 certo
263 2670 403 2703 eventui
416 2670 449 2703 G
463 2671 486 2711 i,
500 2673 554 2703 36.

112 2710 210 2785 Teano
223 2711 406 2756 fastigium,
421 2723 488 2746 non
514 2714 621 2747 latum
645 2723 808 2748 cacumen

195 2762 221 2795 ι,
237 2758 291 2788 ⁴⁵·
720 2778 723 2781 ¹

1485 187 1578 229 lxxi

880 287 1041 326 Tenuieas,
1058 291 1242 327 paupertas
1260 287 1289 318 G
1307 289 1362 326 vii,
1382 293 1431 321 17.

882 330 977 361 Terra
995 330 1100 361 Gallia
1122 330 1153 362 G
1172 331 1194 369 i,
1210 333 1263 361 30.
1289 337 1325 361 ut
1344 332 1414 363 sz.
1442 335 1580 376 xxxiiii,

921 375 973 404 58.
998 379 1090 404 terra
1108 373 1285 413 Hispania.

879 415 1009 446 Ter-reus
1045 416 1268 455 tumulusGi,
1297 418 1350 447 43.
1406 415 1577 457 γεώλοφος.

921 457 961 488 In
978 458 1132 489 omnibus
1147 456 1220 489 fere
1245 459 1344 491 codd.
1372 459 1532 491 scribitur
1546 463 1578 493 h.

919 500 941 530 l.
963 503 1121 532 terrenus.

879 542 1004 573 Testata
1031 544 1140 583 eirtw,
1167 543 1321 575 omnibus
1346 545 1531 585 conspicua
1547 546 1580 578 G

920 585 989 624 vili,
1005 588 1058 617 42.
1103 589 1218 617 testata
1231 596 1319 627 poena
1335 587 1364 619 G
1384 588 1453 628 viii,
1467 591 1519 619 44.

878 627 1022 667 Testudo,
1045 628 1151 670 (quod
1178 631 1314 660 omnino
1340 635 1393 661 est
1417 633 1579 664 conclave

917 677 1138 712 cameratum,
1152 678 1187 703 et
1204 682 1310 713 genus
1329 674 1411 704 tecti
1437 675 1579 706 concavi

917 714 1158 755 conclavium,)
1181 714 1220 746 fit
1242 717 1275 746 in
1291 725 1326 746 re
1343 716 1493 756 militari,
1504 726 1581 748 eum

917 757 1045 788 milites
1070 763 1168 789 scuta
1195 758 1365 798 capitibus
1388 759 1578 801 imponunt,

917 809 959 830 ne
973 800 1050 830 telis
1065 800 1190 841 conjici
1207 801 1337 841 possint
1354 801 1386 831 G
1402 801 1438 841 ii,
1454 804 1484 833 6.
1496 811 1529 841 v,
1545 806 1576 834 9.

915 842 984 873 Sed
1008 843 1040 874 G
1057 852 1090 882 v,
1105 846 1146 874 43
1185 843 1264 882 Cii,
1289 846 1319 873 2.
1343 849 1396 874 est
1423 844 1581 876 machina

916 885 1219 925 oppugnandarum
1251 885 1397 923 urbium,
1421 891 1578 919 constans

916 927 1070 957 trabibus
1098 928 1283 968 parallelis,
1298 928 1419 969 quibus
1447 934 1578 961 tectum

916 969 1111 1010 impositum
1128 976 1194 1009 est,
1211 971 1300 1012 quod
1317 971 1442 1002 milites
1457 972 1578 1004 subtus

916 1016 1047 1043 stantes
1060 1012 1216 1044 defendit
1228 1013 1271 1044 ab
1286 1013 1358 1045 ictu
1376 1014 1533 1047 telorum.

876 1053 1020 1086 Tolerare
1047 1055 1157 1095 vitam,
1189 1057 1364 1087 molestius
1395 1057 1511 1088 vivere
1542 1058 1577 1089 in

914 1097 1040 1138 inopia,
1050 1098 1148 1129 modo
1161 1099 1230 1130 vita
1241 1104 1465 1130 conservetur
1476 1099 1508 1131 G
1521 1101 1579 1140 vii,

914 1143 968 1172 77.
1012 1142 1180 1181 καρτερεῖν.
1215 1143 1279 1173 Tol.
1295 1151 1398 1182 equor,
1410 1141 1443 1173 in
1457 1151 1579 1183 magna

914 1183 1059 1224 penuria
1085 1193 1142 1215 eos
1172 1189 1346 1225 utcunque
1378 1190 1572 1217 sustentare

914 1227 942 1258 C
955 1226 1004 1262 iii,
1029 1229 1086 1265 49,
1111 1229 1152 1257 58
1191 1226 1248 1258 Af.
1279 1230 1333 1258 24.
1372 1229 1425 1258 tol.
1453 1227 1575 1265 famem

904 1268 1079 1310 fructibus,
1110 1274 1285 1311 utcunque
1318 1269 1472 1301 minuere
1503 1270 1534 1302 G
1550 1271 1574 1312 i,

872 1354 1005 1394 Tollere,
1027 1355 1116 1385 navis
1135 1354 1264 1386 sustulit
1278 1353 1449 1395 (excepit,
1465 1355 1574 1386 comi-

910 1402 984 1437 net‚
1011 1395 1098 1439 fert)
1131 1397 1316 1429 homines-G
1333 1399 1378 1438 iv,
1404 1400 1445 1428 28
1483 1398 1510 1429 C
1527 1398 1575 1439 iii,

868 1481 1076 1522 Tormentmn,
1099 1482 1266 1520 machina,
1291 1482 1386 1522 cnjus
1401 1491 1466 1522 ope
1493 1483 1573 1523 tela,

905 1524 1037 1565 lapides
1053 1525 1257 1565 praesertim,
1271 1525 1304 1555 in
1315 1524 1430 1555 hostes
1445 1530 1482 1556 et
1505 1535 1576 1556 mu-

905 1576 961 1597 ros
977 1567 1159 1598 mittuntur
1175 1568 1206 1598 G
1221 1568 1257 1606 ii,
1272 1569 1303 1597 8.
1317 1567 1364 1605 iv,
1379 1569 1432 1597 25.
1457 1571 1482 1600 t.
1509 1569 1575 1599 adi·

902 1619 978 1648 gere
1006 1609 1095 1649 ciii,
1112 1613 1165 1647 51,
1183 1613 1236 1640 56.
1259 1613 1283 1640 t.
1302 1610 1427 1640 mittere
1442 1610 1469 1642 C
1484 1610 1520 1651 ii,
1544 1614 1573 1642 9.

905 1657 995 1683 extr.
1012 1652 1044 1684 G
1059 1652 1108 1691 iii,
1136 1655 1195 1684 51:
1222 1652 1277 1684 ubi
1302 1656 1492 1684 tormentum
1516 1659 1574 1684 aut

907 1699 961 1725 est
986 1695 1035 1735 id,
1062 1696 1153 1735 quod
1171 1700 1362 1736 torquetur,
1389 1696 1499 1735 ipsum
1522 1701 1572 1727 te-

906 1737 998 1774 lnm3
1038 1742 1097 1768 aut
1128 1738 1242 1777 potius
1271 1741 1425 1768 tormenta
1448 1738 1571 1769 mittere

908 1778 1035 1810 dicitur
1055 1789 1117 1820 per
1134 1780 1382 1820 compendium,
1406 1789 1483 1820 pro,
1507 1790 1571 1820 ope

909 1822 1072 1853 tormenti
1100 1823 1204 1853 telum
1229 1823 1377 1853 mittere.
1394 1832 1425 1853 v.
1453 1822 1569 1854 Clark.

908 1869 945 1895 et
957 1864 1183 1904 Oudendorp.
1213 1865 1253 1895 ad
1272 1866 1499 1905 posteriorem
1525 1866 1570 1897 lo-

907 1916 996 1938 cum.
1041 1908 1098 1938 Sic
1113 1908 1184 1938 telis
1214 1908 1435 1947 tormentisque
1462 1907 1570 1945 defen-

908 1951 980 1980 dere
1004 1949 1080 1989 eii,
1095 1953 1145 1981 11.
1170 1950 1311 1980 videtur
1336 1959 1422 1989 esse,
1442 1950 1533 1989 telis,
1551 1960 1569 1981 e

909 1996 1083 2023 tormento
1115 1992 1244 2023 missis:
1271 1997 1306 2023 et
1330 1992 1358 2024 C
1374 1992 1422 2031 iii,
1448 1995 1500 2023 51.
1525 1997 1570 2024 te—

909 2035 973 2065 lum
999 2037 1223 2067 tormentumce
1237 2036 1375 2072 mittere,
1401 2039 1570 2066 tormento

909 2078 1016 2108 telum
1032 2078 1182 2108 mittere.
1226 2079 1273 2110 Et
1289 2076 1338 2108 sic
1351 2077 1386 2108 H
1403 2079 1455 2108 13.
1480 2077 1570 2108 balis-

909 2123 943 2150 ta
959 2120 1109 2159 mittitur,
1137 2121 1242 2152 telum
1261 2130 1326 2161 ope
1344 2119 1476 2151 balistae
1494 2120 1571 2152 mit-

909 2162 1008 2194 titur.
1024 2163 1052 2194 C
1066 2163 1114 2200 iii,
1130 2166 1183 2195 56.
1208 2173 1269 2204 per
1285 2164 1384 2194 codd.
1398 2163 1568 2194 incertum

909 2210 976 2244 est,
994 2209 1107 2236 utrum
1132 2207 1226 2237 telum
1250 2209 1402 2237 tormento
1429 2205 1569 2245 adigere,

909 2257 953 2278 an
964 2248 1060 2278 telum
1075 2251 1299 2280 tormentumve
1311 2249 1362 2279 ad.
1386 2247 1567 2288 legendum

907 2290 962 2321 sit.
1005 2290 1074 2322 Sed
1088 2290 1120 2322 G
1131 2291 1190 2331 vii,
1205 2294 1248 2323 22
1285 2296 1323 2323 et
1336 2291 1363 2323 C
1374 2290 1424 2330 iii,
1439 2293 1472 2322 9.
1490 2297 1568 2322 sunt

907 2330 1007 2363 funes
1023 2333 1185 2365 contorti.

866 2373 952 2406 Totae
966 2375 1062 2416 copiae
1084 2376 1112 2408 C
1128 2376 1176 2417 iii,
1190 2379 1233 2408 42
1270 2374 1301 2407 Α
1319 2378 1372 2407 76.
1396 2378 1463 2406 tota
1490 2374 1568 2405 Gal-

903 2417 948 2448 lia
975 2417 1008 2450 G
1033 2428 1064 2456 v,
1088 2422 1141 2450 65.
1198 2418 1360 2461 provincia
1387 2417 1419 2449 G
1443 2416 1502 2456 vii,
1533 2419 1564 2447 1.

903 2460 1002 2492 Italia
1019 2461 1046 2492 C
1058 2461 1108 2499 iii,
1122 2464 1154 2493 1.
1177 2461 1301 2493 auxilia
1315 2460 1401 2500 regis
1417 2459 1442 2491 C
1458 2459 1494 2497 ii,
1509 2461 1564 2490 26.

901 2506 966 2534 toto
979 2512 1066 2535 muro
1082 2504 1116 2537 G
1132 2504 1190 2543 vii,
1202 2507 1256 2536 24.
1292 2512 1380 2544 opere
1395 2502 1425 2533 G
1440 2501 1498 2541 vii,
1510 2503 1564 2532 ⁷2.

861 2544 1009 2585 Tragula,
1034 2556 1140 2588 genus
1163 2546 1271 2586 jaculi
1287 2546 1318 2577 G
1335 2546 1356 2583 i,
1379 2547 1430 2575 26.
1453 2553 1487 2582 v,
1510 2545 1564 2583 35,

900 2590 944 2620 48
981 2588 1010 2620 C
1030 2589 1054 2628 i,
1070 2591 1123 2620 57.
1159 2588 1268 2630 Lipsii
1301 2587 1485 2620 Poliorcet.
1515 2586 1562 2626 iv,

863 2671 1038 2746 Treiectus,
1053 2672 1159 2714 locus,
1173 2672 1264 2704 unde
1287 2672 1457 2714 trajicitur
1469 2680 1562 2703 mare

865 2756 1088 2791 Transcurrere
1102 2758 1145 2791 de
1160 2757 1304 2791 navibus
1321 2758 1347 2790 C
1363 2757 1386 2799 i,
1399 2760 1453 2789 58.
