1872 3104
603 192 643 221 c.
678 190 811 221 sunu
845 189 1078 220 cAESAms.
1468 183 1582 224 2063

178 291 278 327 notis
298 288 497 327 illustravit
514 288 577 324 Jo.
596 285 803 323 Goduinus
821 285 854 322 in
878 299 984 323 usum
1007 287 1205 337 Delphini.

126 352 228 397 1696
256 350 491 392 francofurti
512 356 548 386 et
570 349 720 397 Lipsiae.
739 355 775 387 8.
793 363 837 386 ex
855 350 1008 386 emend.
1024 351 1220 400 Scaligeri‚
1243 363 1330 388 cum
1354 350 1444 400 figg.
1467 353 1573 390 tabb.

178 429 305 465 geogr.
326 421 362 451 et
383 413 514 450 Indice
534 413 623 450 Joh.
646 413 795 450 Valent.
820 414 1011 451 Merbizii.

128 480 223 523 1697
254 476 432 515 Londini.
466 483 502 514 S.
535 477 732 526 Repetitio
749 475 811 513 ed.
835 476 1011 513 Goduini
1033 477 1068 513 in
1093 491 1199 514 usum
1225 477 1417 526 Delphini.

122 565 172 570 —-
203 540 489 578 Amstelodanii.
523 548 558 578 8.
592 542 636 577 C.
657 541 749 578 Julii
770 541 931 577 Caesaris
949 554 1035 590 quae
1049 548 1192 584 extant,
1210 555 1297 578 cuin
1315 544 1413 580 notis
1432 551 1470 581 et
1498 545 1578 582 ani·

173 604 500 642 madversionibus
531 604 702 654 Dionysii
722 603 861 648 Vossii,
892 611 931 641 ut
960 611 996 641 et
1020 606 1082 654 qui
1107 612 1267 642 vocatur
1296 607 1424 643 Julius
1444 608 1578 645 Celsus

175 667 223 704 (le
244 668 317 704 vita
338 676 371 705 et
395 669 507 704 rebus
530 667 642 717 gestis
666 668 710 704 C.
729 668 821 705 Julii
853 668 1030 704 Caesaris.
1091 669 1146 704 Ex
1171 682 1299 705 museo
1327 672 1389 707 Jo.
1420 672 1578 721 Georgii

170 733 326 772 Graevii.
386 730 674 775 Ainsielmlauii,
695 744 740 767 ex
756 737 906 780 typogr.
929 731 970 767 P.
994 738 1031 768 et
1052 732 1089 769 J.
1107 732 1412 769 Blaeu.—-Dion.
1438 735 1574 780 Vossii,

173 799 226 835 G.
247 799 284 836 J.
307 796 388 839 filii,
411 795 547 832 codice
583 795 814 844 perantiquo
843 801 944 832 msto
963 795 1033 840 usi,
1056 803 1168 838 noue,
1194 796 1354 844 primum
1379 810 1399 832 a
1420 798 1576 834 Graevio

169 862 296 906 editae,
318 860 457 910 partim
479 866 564 896 sunt
596 858 716 896 critici
745 859 906 907 generis,
941 859 1078 907 partim
1106 859 1343 907 grammatici
1365 865 1431 895 aut
1460 860 1579 897 histo-

170 925 252 963 rici.
309 924 435 974 Ipsius
457 923 603 960 Graevii
625 936 726 959 curae
746 929 892 959 tantum
916 928 1112 958 versantur
1131 922 1168 957 in
1197 921 1443 959 emendando
1471 924 1574 960 Julio

171 988 297 1026 Celso.
355 987 499 1024 Addita
517 987 596 1023 Jos.
616 985 795 1034 Scaligeri
812 984 946 1021 notitia
961 985 1114 1030 Galliae,
1135 991 1171 1022 et
1192 991 1294 1022 uotae
1315 998 1429 1035 super
1446 987 1579 1036 appel-

171 1050 377 1088 lationibus
411 1050 581 1086 locorum
618 1048 769 1096 aliquot
795 1053 835 1084 et
872 1048 1042 1096 gentium
1067 1048 1169 1097 apud
1200 1049 1404 1093 Caesarem,
1440 1063 1527 1099 quae
1558 1065 1579 1088 e

171 1112 356 1162 Scaligeri
399 1112 642 1161 autographo
674 1111 934 1160 castigatiores
968 1118 1006 1148 et
1042 1112 1228 1148 auctiores
1267 1112 1328 1149 hic
1364 1112 1576 1162 vulgantur.

172 1177 300 1215 Editio
320 1176 454 1221 nitida,
477 1175 654 1225 quamvis
675 1188 751 1212 non
773 1188 1051 1224 usquequaque
1066 1175 1386 1213 emendatissima.

120 1246 220 1285 1700
250 1238 509 1279 Roterodami.
544 1238 606 1276 16.
652 1251 716 1289 ap.
734 1239 898 1288 Regner.
920 1238 1049 1284 Leers‚
1064 1252 1123 1276 *ex
1143 1240 1292 1276 emend.
1314 1240 1506 1289 scaligeri.

140 1420 289 1458 AETAS
318 1420 366 1458 V.
430 1419 1549 1458 CELLARIo-DAVISIO-CLARKto-OUDENDOR-

756 1493 937 1532 PIANA.

712 1615 992 1654 1705-1803.

120 1742 218 1781 1705
248 1736 400 1787 Lipsiae.
434 1743 470 1775 S.
501 1737 548 1774 C.
568 1736 659 1774 Julii
680 1737 842 1774 Caesaris
866 1737 1130 1774 commentarii
1158 1737 1206 1774 de
1236 1737 1339 1774 bello
1361 1736 1514 1774 Gallico
1534 1741 1571 1772 et

170 1800 293 1844 Civili,
327 1803 402 1836 ἃς.
461 1799 763 1850 Christophorus
780 1800 966 1836 Cellarius
986 1800 1181 1837 recensuit
1200 1806 1237 1837 et
1267 1800 1368 1836 notis
1396 1812 1442 1836 ac
1468 1799 1575 1835 novis

169 1863 310 1900 tabulis
331 1863 600 1913 geographicis
620 1863 1057 1913 illustravit.--Optima
1077 1863 1211 1901 editio.
1260 1863 1446 1906 Quamvis
1474 1862 1575 1899 enim

169 1927 353 1964 Cellarius
374 1928 454 1976 ipse
474 1927 591 1965 codd.
616 1941 688 1964 non
711 1941 802 1964 usus
824 1927 885 1971 sit,
909 1928 1004 1964 bene
1020 1927 1199 1964 adhibuit
1215 1934 1341 1964 tamen
1360 1926 1457 1970 illos,
1474 1938 1573 1974 quos

168 1990 254 2027 olim
278 1991 400 2027 Mieh.
425 1991 581 2034 Brutus,
603 1991 646 2026 F.
668 1990 842 2034 Ursinus,
865 1990 908 2026 P.
927 1990 1158 2027 Ciacconius
1180 1990 1321 2039 aliique
1342 1989 1572 2032 evolverant,

171 2054 348 2104 antiquas
386 2055 478 2092 edd.
514 2055 716 2104 variasque
756 2054 1025 2104 castigationes
1064 2061 1180 2104 atque
1218 2054 1571 2103 interpretamenta,

168 2116 331 2154 maxime
348 2118 463 2155 Dion.
481 2119 607 2155 vossii
624 2132 643 2155 a
665 2119 822 2156 Graevio
842 2119 878 2155 in
908 2119 1034 2156 lucem
1057 2120 1279 2168 productas.
1338 2119 1410 2156 Sed
1432 2125 1470 2155 et
1489 2117 1572 2167 ipse

170 2178 412 2218 doctissimus
433 2181 490 2217 vir
510 2182 629 2218 multa
650 2196 694 2218 ex
717 2195 784 2219 sua
803 2195 906 2232 penu
926 2183 1100 2232 protulit,
1113 2184 1290 2232 notisque
1313 2182 1516 2219 utilissimis
1534 2188 1573 2219 et

175 2243 314 2281 tabulis
331 2254 390 2280 Vl.
414 2257 540 2293 geogr.
567 2252 758 2282 auctorem
788 2246 1003 2291 illustravit,
1025 2247 1191 2297 denique
1223 2247 1374 2283 Iudices
1404 2245 1573 2295 locuple-

167 2307 276 2343 tavit.
334 2307 434 2344 Hinc
457 2309 602 2357 cajuze
623 2322 688 2346 suo
711 2310 849 2359 saepius
869 2311 1044 2360 repetita.

120 2370 220 2413 1706
251 2370 427 2407 Londini.
451 2378 486 2409 8.
522 2374 657 2422 Repet.
679 2375 739 2410 ed.
762 2375 936 2412 Goduiui
952 2376 988 2412 in
1011 2388 1122 2411 usum
1148 2375 1288 2423 Delph.

112 2456 164 2462 —-
193 2434 464 2483 Cantabrigiae.
496 2441 532 2472 4.
564 2436 609 2473 C.
631 2437 722 2474 Julii
742 2439 902 2476 Caesaris
924 2452 1011 2488 quae
1031 2445 1163 2476 extant
1183 2438 1325 2475 omnia.
1366 2437 1422 2472 Ex
1438 2448 1567 2472 recen-

166 2498 267 2534 sione
298 2498 456 2534 Joannis
487 2500 642 2545 Davisii,
664 2514 753 2538 cum
774 2503 950 2550 ejusdem
976 2500 1370 2539 animadversionibus
1401 2513 1444 2535 ac
1466 2498 1566 2535 notis

167 2560 270 2597 Petri
307 2561 520 2607 Ciacconii,
556 2564 615 2600 Fr.
653 2564 900 2607 Hotomanni,
931 2567 993 2602 Jo,
1033 2564 1188 2607 Brantii‚
1232 2563 1345 2598 Dion.
1379 2561 1499 2598 Vossii
1529 2567 1568 2598 et

166 2623 340 2660 aliorum.
380 2627 583 2662 Accessere
614 2627 865 2675 metaphrasis
898 2641 1021 2677 graeca
1058 2628 1243 2663 librorum
1280 2636 1360 2662 Vll.
1391 2625 1440 2661 de
1468 2624 1568 2662 bello

167 2685 272 2726 Gall.
290 2699 361 2725 nec
393 2700 468 2726 non
499 2688 644 2728 indices
665 2691 878 2729 necessarii.
909 2691 1180 2741 Cantabrigiae,
1214 2689 1317 2740 typis
1346 2689 1470 2727 Acad.
1495 2690 1569 2727 Im·
