1872 3104
569 210 607 236 o.
641 207 676 237 J.
709 204 925 235 cAEsAms
962 202 1092 231 viTA.
1450 189 1562 232 1979

109 310 300 359 τριάκοντα
321 302 504 355 μυριάδων
524 302 778 348 ἐξητάσθησαν
794 299 831 335 αἱ
853 303 970 334 πᾶσαι
990 294 1270 334 πεντεκαίδεκα.
1326 293 1562 339 Τηλικαίιτην

112 375 132 417 ἦ
154 374 278 409 στάσις
296 371 553 418 ἀπειργάσατο
590 367 786 415 συμφορὰν,
819 365 875 400 καὶ
910 366 1084 399 τοσοῦτον
1115 360 1344 402 (ἰπανίιλωσε
1364 362 1426 394 τοῦ
1447 355 1563 406 δῆμον

112 440 231 485 μέρος·
253 436 317 478 ἔξω
336 437 398 468 τοῦ
417 432 533 476 λόγου
553 430 776 477 τιθεμένοιςς
817 429 863 463 τὰ
895 426 1132 476 κατασχόντα
1153 426 1219 469 τὴν
1240 424 1363 467 ἄλλην
1397 420 1564 458 Ἰταλίαν

114 499 334 548 ἀτυχήματα
356 496 413 531 καὶ
434 498 494 531 τὰς
516 496 712 544 ἐπαρχίας.

674 672 709 713 C
727 672 767 713 A
783 672 834 712 P.
886 670 1007 711 LVI.

118 785 233 816 Caesar
248 789 402 825 quartum
421 784 547 815 Consul
574 783 644 825 (45.
661 792 691 814 a.
709 783 788 813 Chr.
806 781 854 818 n.)
881 781 913 810 in
943 778 1144 820 Hispaniam
1162 776 1248 815 abit,
1265 775 1321 806 ubi
1340 774 1494 814 Pompeii
1511 773 1573 805 filii

155 838 335 868 maximum
353 837 541 868 exercitum
559 835 806 867 conduxerant.
858 834 909 864 De
926 832 1047 873 quihus
1076 840 1142 861 non
1167 829 1239 860 sine
1267 837 1395 859 summo
1420 827 1572 867 perit-ulo

156 902 194 922 ac
212 891 325 921 labore
344 900 449 931 prope
465 890 625 921 Mundam
643 888 742 919 victis
761 885 966 926 triumphum
985 883 1092 923 ducit,
1104 892 1170 923 quo
1186 882 1353 912 Romanos
1371 889 1436 910 non
1455 889 1572 920 parum

156 942 312 974 offendit.

168 1030 195 1055 S*

168 1033 492 1068 ..υντελεσθέντων
527 1028 566 1066 δὲ
597 1029 746 1074 τούτων,
783 1029 917 1065 ὕπατος
953 1024 1187 1076 ἀποδειχθεὶς
1219 1023 1258 1060 τὸ
1297 1026 1486 1071 τέταρτον,
1526 1023 1576 1057 εἷς

777 1134 808 1165 Ν
815 1133 917 1165 OTAE

115 1202 146 1230 2.
172 1198 339 1237 Suetonii,
367 1198 473 1228 multa
508 1197 696 1235 reticentis,
721 1197 819 1228 silen-

114 1251 201 1280 tium
218 1248 304 1279 tanti
329 1258 393 1279 non
416 1253 468 1278 est
492 1248 666 1286 momenti,
683 1252 720 1279 ut
736 1247 820 1278 falsa

117 1301 198 1339 sint,
236 1310 312 1340 quae
347 1309 414 1330 non
446 1299 742 1338 commemorarit3
788 1302 818 1330 3.

118 1359 216 1388 cave,
229 1359 270 1380 ne
284 1349 414 1380 Liviani
427 1349 821 1390 epitoniasta·,Appiani‚

117 1410 156 1432 ac
175 1399 294 1431 Dionis
309 1400 532 1431 auctoritates
562 1409 700 1440 prorsus
718 1401 822 1440 negli-

119 1461 188 1492 gas.
232 1450 409 1491 Appianas
426 1460 480 1481 ex.
498 1460 528 1482 c.
555 1451 662 1481 multa
686 1451 822 1491 quidem

117 1511 159 1532 ex
184 1500 368 1532 Plutarcho
393 1500 519 1531 habere
542 1499 690 1539 videtur,
716 1501 824 1531 inulta

118 1559 199 1582 vero
223 1549 313 1581 idem
340 1549 536 1590 diligentius
553 1549 740 1581 Plutarcho
770 1551 824 1581 de-

119 1599 270 1640 scripsit,
297 1605 332 1631 et
362 1601 480 1639 multa,
515 1610 589 1641 quae
620 1601 824 1632 Plutarchus

120 1650 281 1690 neglexit.
337 1651 436 1681 Unde
463 1651 601 1690 sciatur,
618 1652 721 1683 solius
748 1662 823 1683 eum

121 1701 298 1732 Plutarchi
313 1701 375 1731 hac
394 1701 427 1731 in
456 1711 492 1732 re,
515 1702 756 1733 auctoritatem
775 1712 825 1733 se·

121 1756 237 1781 cutum
251 1751 279 1791 ?)
316 1751 452 1782 Deinde
481 1752 669 1783 Plutarcho
696 1756 768 1783 ante
794 1752 826 1783 id

122 1800 233 1830 bellum
253 1800 356 1838 fuisse
378 1801 495 1832 censita
517 1803 672 1833 duntaxat
698 1811 825 1834 cccxx.

122 1852 220 1882 millia
232 1852 344 1882 civium
369 1853 520 1884 narranti
547 1852 648 1884 fidem
666 1854 827 1884 adhiben-

122 1903 198 1933 dam
215 1908 328 1944 negat.
374 1904 539 1945 Pompeio
555 1906 643 1936 enim
660 1911 694 1936 et
707 1907 828 1936 Crasso

123 1954 266 1993 primuni
296 1954 367 1985 ess.
405 1964 507 1985 censa
541 1954 642 1986 fuisse
680 1964 829 1987 Dccccx.

123 2004 250 2042 millia;
273 2004 395 2035 civium
411 2014 586 2036 numerum
604 2014 735 2045 semper
753 2014 828 2036 cnm

125 2053 265 2093 imperio
283 2060 418 2085 auctum
433 2064 517 2095 esse,
537 2065 600 2086 nec
618 2056 708 2096 apud
727 2065 830 2097 quen—

126 2112 226 2143 quam
243 2104 396 2143 reperiri,
411 2104 506 2135 annis
534 2105 608 2145 plus
637 2105 757 2146 viginti
782 2106 830 2136 in-

127 2153 280 2193 terjectis
298 2154 386 2184 inter
406 2154 499 2184 illum
527 2165 664 2186 censum
689 2161 724 2187 et
751 2156 830 2188 belli

127 2203 235 2234 civilis
270 2204 468 2243 Pompeiani
507 2205 724 2245 principium,
762 2208 831 2237 ulla

126 2254 337 2285 memorabili
354 2254 451 2285 clade
469 2260 536 2286 tam
554 2256 748 2296 prodigiose
774 2267 832 2298 po-

129 2305 242 2345 pulum
267 2305 492 2336 imminutum.
538 2306 696 2347 Denique
718 2317 832 2339 errare

128 2356 366 2395 Plutarchum,
401 2356 490 2396 quod
527 2356 712 2398 existimet,
748 2359 834 2390 civili

126 2406 313 2436 dissensione
336 2406 481 2446 populum
494 2409 534 2438 ad
551 2416 603 2439 eL.
619 2409 718 2439 ‘millia
731 2410 834 2440 decre-

127 2457 217 2486 visse.
264 2456 364 2488 Quod
390 2456 417 2486 si
443 2462 544 2495 esset,
569 2458 738 2489 Caesarem
767 2470 835 2491 non

128 2508 227 2547 longe
259 2512 336 2547 post
367 2515 476 2537 Lxxx.
513 2507 618 2538 millia
649 2509 770 2540 civium
803 2510 834 2540 in

129 2556 372 2588 transmarinas
387 2556 535 2586 colonius
550 2557 757 2588 distribuere
770 2568 835 2589 non

129 2608 296 2649 potuisse,
323 2617 384 2638 nec
413 2607 566 2646 Augusto
595 2613 727 2639 sextum
757 2618 835 2639 con-

130 2659 217 2697 sule,
248 2658 304 2688 vix
330 2666 436 2688 xvni.
467 2659 562 2688 annis
593 2662 681 2698 post,
711 2659 834 2689 civium

131 2709 232 2740 Rom.
255 2708 371 2749 capita
395 2708 598 2749 quadragies
613 2713 749 2740 centum
765 2709 837 2739 mil-

131 2759 178 2790 lia
207 2764 241 2790 et
272 2759 447 2800 sexaginta
478 2759 544 2789 tria
573 2759 677 2790 millia
707 2759 838 2791 censita

874 1206 947 1228 esse
979 1196 1336 1237 potuisse—Legerat
1363 1189 1581 1229 Plutarchus,

875 1253 910 1278 ut
927 1247 1025 1278 addit
1053 1247 1216 1285 Rualdus,
1242 1246 1275 1276 in
1303 1244 1415 1285 aliquo
1438 1246 1579 1273 auctore

876 1299 1041 1336 Romano,
1060 1298 1228 1327 (zaesarem
1248 1295 1336 1325 victo
1354 1293 1512 1333 Scipione
1529 1299 1579 1321 re-

876 1348 1034 1378 deuntem
1061 1357 1102 1377 ex
1132 1345 1250 1377 Africa
1278 1344 1386 1384 egisse
1410 1340 1579 1384 quendam

875 1410 1040 1437 recensum,
1052 1400 1080 1429 h.
1097 1408 1126 1429 e.
1143 1406 1285 1428 examen
1300 1393 1583 1434 recognitionem-

878 1460 942 1492 que
958 1451 990 1480 in
1009 1459 1076 1489 eos,
1098 1449 1152 1489 qui
1171 1447 1280 1488 plebis
1295 1446 1367 1477 fere
1386 1442 1583 1474 tenuissima

878 1511 955 1541 pars
986 1499 1242 1531 frumentariam
1274 1496 1499 1537 largitionem,
1540 1492 1582 1523 de

879 1561 945 1592 qua
959 1550 1119 1591 frequens
1135 1549 1263 1580 mentio
1279 1546 1368 1589 apud
1387 1554 1498 1576 rerum
1517 1543 1586 1574 Ro-

878 1610 1053 1632 manarum
1089 1600 1286 1640 scriptores,
1317 1595 1584 1638 participabant,

879 1651 1096 1691 cognitoque,
1115 1649 1203 1690 quod
1223 1657 1282 1689 per
1296 1648 1383 1679 bella
1399 1645 1513 1677 civilia
1529 1654 1586 1674 nu-

880 1711 990 1732 merus
1006 1701 1246 1741 accipientium
1261 1699 1300 1729 ad
1317 1698 1436 1728 vicena
1448 1701 1587 1727 trecena

881 1751 982 1781 millia
999 1754 1153 1789 venerat,
1168 1759 1243 1779 eum
1270 1747 1410 1778 dimidio
1436 1745 1587 1776 imminu-

884 1807 952 1832 tum
970 1801 1127 1837 voluisse,
1149 1806 1250 1840 atque
1267 1798 1309 1829 ad
1325 1806 1494 1836 sexagena
1508 1805 1586 1826 cen-

887 1856 961 1882 tena
980 1851 1175 1882 retraxisse.
1231 1849 1310 1879 vid.
1331 1849 1396 1879 l)io
1414 1847 1547 1878 Cassius
1563 1846 1585 1876 l.

884 1911 987 1932 xciii.
1004 1902 1075 1942 (ed.
1094 1911 1138 1931 m.
1156 1910 1188 1940 p.
1207 1897 1298 1939 254.)
1325 1903 1359 1928 et
1381 1897 1474 1927 Suet.
1499 1896 1586 1926 Caes.

885 1961 914 1982 e.
932 1954 984 1982 41.
1030 1951 1138 1991 quue
1152 1950 1269 1981 Caesar
1281 1948 1365 1987 egit,
1380 1956 1443 1976 non
1459 1949 1497 1976 ut
1511 1954 1589 1976 cen-

885 2011 952 2039 sor,
970 2001 1028 2032 sed
1055 2006 1092 2031 ut
1119 2009 1235 2030 morum
1264 1997 1499 2036 uniuscujusque
1525 2005 1590 2026 ma-

881 2052 993 2090 gister.
1040 2050 1260 2081 Plutarchum
1290 2048 1392 2086 igitur
1415 2055 1517 2077 voces
1543 2045 1590 2075 in-

886 2101 1058 2131 duxerunt
1074 2110 1214 2131 recensus
1231 2105 1264 2129 et
1281 2098 1409 2137 populus
1425 2097 1456 2127 in
1474 2106 1513 2127 eo
1531 2097 1592 2126 La-

886 2152 957 2182 tino
973 2151 1152 2191 scriptore,
1169 2160 1189 2179 a
1206 2158 1272 2189 quo
1289 2148 1361 2178 haec
1383 2151 1435 2178 est
1451 2146 1592 2177 foenera·

887 2207 950 2233 tus.
997 2202 1140 2231 Putavit
1162 2208 1283 2230 censum
1309 2196 1463 2237 (τίμησιν)
1487 2202 1523 2228 et
1545 2207 1592 2227 re-

885 2261 1005 2283 censum
1019 2249 1190 2292 (ἐξέτασιν)
1207 2258 1280 2279 esse
1298 2246 1396 2286 λέξεις
1409 2248 1510 2287 plane
1522 2257 1592 2276 συν-

1111 2299 1267 2332 Credidit
1298 2303 1333 2329 et
1367 2298 1472 2339 populi
1507 2307 1590 2328 voce

886 2359 1055 2385 auctorem
1074 2361 1188 2382 omnes
1215 2350 1310 2381 urbis
1337 2349 1472 2380 ordines
1499 2349 1594 2379 intel-

887 2404 1022 2442 lexisse,
1035 2413 1111 2433 cum
1129 2401 1276 2442 plebem,
1289 2398 1494 2430 frumentum
1512 2398 1596 2438 pub-

889 2454 990 2485 licum
1029 2453 1267 2492 accipientem,
1305 2453 1437 2479 tautum
1472 2447 1594 2478 iutelli-

891 2507 999 2544 geret.

932 2557 950 2583 5
974 2549 1160 2589 Τιθεμένοις]
1185 2550 1239 2580 Sc.
1256 2548 1341 2586 ἡμῖν,
1358 2546 1390 2576 h.
1405 2556 1435 2577 e.
1453 2546 1479 2577 si
1495 2545 1597 2578 ratio-

891 2613 965 2633 ncui
980 2610 1097 2632 eorum
1115 2600 1276 2629 malorum
1293 2606 1358 2627 non
1374 2595 1509 2635 inimus,
1526 2601 1594 2628 etc.

891 2651 1014 2683 Reiske
1032 2659 1124 2689 susp.
1141 2660 1148 2679 :
1185 2648 1236 2678 καὶ
1251 2647 1351 2678 ταῦτα
1366 2645 1452 2686 λέγω
1473 2645 1528 2686 ἔξω
1541 2648 1598 2679 τοῦ

890 2700 988 2741 λόγου
1002 2698 1169 2738 τιθέμενος,

886 2301 1029 2340 ωνύμους.
