1872 3104
636 200 677 229 c.
708 197 838 228 sumi
874 196 1106 227 CAESARIS.
1479 190 1589 231 2061

147 300 246 337 1616
276 296 521 347 Mussiponti.
553 303 587 332 8.

141 386 192 391 -
223 361 400 400 Veneriis.
432 366 466 396 8.
497 359 542 395 C.
575 357 666 396 Julii
697 357 861 395 Caesaris
882 357 1172 402 Commentarii‚
1206 357 1256 394 ab
1278 356 1380 394 Aldo
1409 358 1589 397 Manutio

193 423 395 462 emendati.

144 487 242 532 1619
272 486 445 535 Lugduni
469 487 552 524 Bat.
586 492 620 523 8.
643 484 744 534 typis
767 485 815 521 ls.
838 485 998 522 Elzevir.
1019 497 1053 521 c.
1075 483 1165 534 figg.

143 550 242 588 1620
272 549 407 586 Duaci.
441 554 475 587 8.

143 611 235 650 1621
271 612 563 649 Amslelodanri.
595 617 657 650 24.
681 623 741 661 ap.
764 611 872 649 Guil.
893 611 1074 657 Caesium,
1097 626 1143 649 cx
1163 613 1314 650 emend.
1338 612 1535 662 Scaligeri.

141 674 239 713 1622.
270 676 452 712 Genevae.
489 674 548 712 16.

137 760 190 767 -
219 739 454 789 Antverpiae.
488 745 523 777 8.

141 800 241 840 1626
270 804 460 853 Lugduni.
494 809 554 841 12.
576 816 665 841 cum
687 817 783 841 varr.
805 803 910 841 lectt.
934 803 1042 840 Fulv.
1064 802 1204 847 Ursini,
1238 802 1393 840 scholiis
1416 803 1471 840 M.
1494 804 1588 841 Bru-

194 868 235 913 ti,
258 867 347 917 figg.
368 881 439 905 aen.
459 867 630 916 aliisque.

142 931 238 975 1627
270 930 559 969 Amstelodami.
590 936 651 968 24.
673 944 720 968 ex
739 929 892 967 emend.
913 930 994 967 Jos.
1017 928 1214 978 Scaligeri.
1254 929 1312 966 Ex
1332 941 1464 968 museo
1483 930 1518 968 J.
1540 929 1589 968 Is.

190 994 363 1032 Pontani.
394 996 517 1030 Amst.
539 1006 600 1043 ap.
620 994 680 1031 Jo.
701 992 959 1030 Janssonium.

141 1057 238 1097 1628
269 1056 562 1095 Amstelodami.
593 1062 629 1094 8.

140 1120 234 1159 1631
267 1120 522 1170 Argentorati.
557 1126 616 1158 12.
638 1133 701 1170 ap.
725 1120 964 1157 Zetznerum.
996 1119 1040 1158 C.
1061 1119 1152 1157 Julii
1173 1120 1336 1158 Caesaris
1358 1120 1490 1170 Opera
1507 1134 1591 1158 om-

188 1184 248 1222 nia
270 1197 356 1234 quae
376 1189 507 1221 extant
526 1196 573 1220 ex
594 1183 836 1222 Bibliotheca
856 1183 946 1220 olim
971 1183 1092 1220 Fulvii
1114 1183 1251 1221 Ursini.

140 1245 237 1285 1635
270 1247 448 1296 Lugduni
470 1248 552 1284 Bat.
587 1252 646 1285 12.
677 1247 721 1284 C.
744 1246 835 1285 Julii
856 1246 1017 1284 Caesaris
1038 1259 1124 1296 qnae
1145 1252 1292 1284 extant.
1337 1247 1394 1284 Ex
1410 1246 1591 1284 emenda-

188 1310 292 1348 tione
324 1313 404 1350 Jos.
434 1311 626 1360 Scaligeri.
685 1311 809 1361 Lugd.
842 1310 926 1347 Bat.
956 1324 1003 1347 ex
1034 1309 1188 1347 officina
1218 1310 1588 1348 Elzeviriana.—Ad

190 1374 291 1412 hanc
312 1375 374 1412 ed.
412 1375 494 1412 haec
529 1374 731 1412 annotavit
750 1375 950 1412 Crevenna
968 1373 1017 1410 T.
1041 1384 1079 1410 v,
1110 1386 1150 1423 p.
1177 1379 1262 1411 154.
1282 1387 1290 1411 :
1321 1378 1332 1394 ‘
1353 1374 1384 1410 ll
1401 1387 1425 1424 y
1445 1386 1467 1411 a
1487 1374 1590 1411 deux

187 1444 307 1475 sortes
339 1437 629 1487 d'exemplaires
659 1437 707 1475 de
737 1443 836 1474 cette
858 1436 1029 1481 edition;
1061 1436 1115 1473 les
1135 1449 1206 1474 uns
1237 1436 1449 1486 originaux,
1483 1443 1520 1474 et
1540 1437 1592 1474 les

187 1508 315 1539 autres
335 1501 571 1539 contrefaits.
617 1501 805 1539 L’edition
824 1500 1008 1550 originale
1028 1513 1050 1537 a
1068 1500 1163 1536 dans
1190 1500 1243 1536 les
1262 1500 1364 1537 deux
1387 1500 1587 1550 vignettes.

189 1565 306 1615 quise
321 1565 608 1603 trouventl'une
623 1565 644 1602 a
658 1565 692 1602 la
707 1568 784 1603 tete
799 1564 846 1602 de
859 1565 894 1601 la
906 1563 1079 1610 Preface,
1093 1570 1131 1601 et
1143 1564 1273 1601 l'autre
1287 1576 1336 1600 au
1350 1576 1593 1602 commence-

189 1637 295 1666 ment
316 1629 368 1666 du
393 1635 508 1674 texte,
544 1643 618 1667 une
639 1631 715 1666 tete
736 1629 784 1666 de
813 1628 944 1673 buffle,
977 1634 1015 1666 et
1035 1628 1070 1665 la
1091 1640 1187 1677 page
1213 1633 1298 1672 149.
1319 1634 1428 1677 porte
1448 1641 1518 1676 par
1536 1641 1593 1666 er-

187 1704 274 1729 reur
297 1693 396 1730 153!
424 1693 484 1730 Cf.
508 1693 619 1730 Com.
641 1693 690 1730 de
712 1692 918 1742 Rewiczky
941 1691 1042 1731 Bibl.
1064 1693 1136 1730 Gr.
1158 1698 1197 1729 et
1217 1692 1301 1729 Lat.
1318 1704 1358 1741 p.
1385 1697 1473 1734 117.

135 1777 188 1783 —
217 1755 392 1805 Lugduni
418 1756 501 1793 Bat.
535 1762 569 1793 8.
602 1757 646 1793 C.
669 1756 759 1794 Julii
779 1754 942 1793 Caesaris
963 1767 1052 1804 quae
1079 1762 1224 1801 extant,
1258 1768 1348 1792 curn
1369 1755 1470 1792 notis
1493 1767 1589 1792 varr.

189 1832 234 1856 ex
256 1819 475 1856 recensione
494 1821 578 1858 Jac.
601 1820 762 1864 suadae,
798 1819 940 1856 additis
963 1818 1102 1855 tabulis
1132 1818 1421 1868 topographicis
1441 1824 1479 1855 et
1500 1818 1593 1855 ima-

187 1882 339 1932 ginibus
356 1882 614 1920 machinarum
636 1883 859 1920 bellicarum
881 1895 969 1919 cum
990 1894 1090 1919 nova
1109 1881 1367 1931 explicatione
1388 1882 1446 1919 M.
1468 1881 1592 1919 Zuerii

190 1945 411 1982 Boxhornii.

141 2006 238 2046 1636
268 2008 565 2046 Amstelodami.
599 2014 660 2047 24.
704 2011 748 2046 C.
783 2010 873 2047 Julii
908 2008 1070 2047 Caesaris
1091 2021 1180 2058 quae
1210 2013 1356 2052 extant,
1388 2020 1433 2044 ex
1467 2019 1593 2045 emen·

188 2070 340 2109 datione
372 2073 453 2110 Jos.
490 2073 699 2123 Scaligeri;
731 2087 777 2111 ex
813 2086 944 2110 museo
976 2074 1011 2111 J.
1035 2073 1065 2109 Ι.
1098 2072 1274 2109 Pontani.
1297 2073 1422 2108 Amst.
1444 2084 1505 2121 ap.
1527 2071 1588 2108 J0.

189 2135 363 2172 Jansson.

143 2195 240 2234 1644-
270 2197 559 2235 Amstelodami.
594 2204 652 2236 12.
691 2197 794 2248 apud
827 2200 889 2237 Jo.
922 2199 1099 2236 Janssou.
1131 2212 1177 2236 ex
1209 2197 1478 2235 emendatione
1501 2198 1593 2234 Sca-

189 2259 307 2309 ligeri.

143 2321 240 2359 1645
272 2322 443 2360 Coloniae
463 2324 626 2373 Agripp.
660 2330 695 2361 8.
725 2337 772 2361 ex
793 2324 893 2362 offic.
917 2326 1224 2364 Birckmannica.
1266 2326 1311 2363 C.
1332 2325 1409 2363 Jul.
1432 2323 1592 2361 Caesaris

193 2386 472 2424 commentaria
495 2387 543 2425 de
576 2388 675 2425 bello
696 2388 866 2433 Gallico,
899 2390 936 2426 in
957 2402 1066 2426 usum
1100 2389 1357 2426 studiosorum
1387 2387 1591 2437 separatim

192 2462 347 2486 excusa.

143 2510 241 2557 1649
271 2513 559 2551 Aiustelodumi.
591 2520 653 2552 24.
675 2528 734 2562 ap.
756 2516 934 2552 Jansson.
967 2516 1024 2552 Ex
1044 2528 1178 2552 museo
1200 2516 1247 2551 Is.
1281 2513 1456 2551 Pontani.

143 2574 242 2613 1650
271 2576 562 2613 Amstelodami.
592 2590 656 2627 ap.
678 2577 838 2615 Elzevir.
862 2584 897 2615 8.
917 2591 1005 2615 cum
1027 2579 1125 2615 notis
1146 2591 1242 2614 varr.

144 2637 238 2676 1651
272 2639 449 2689 Lugduni
472 2641 554 2676 Bat.
587 2647 622 2678 8.
652 2641 698 2676 C.
729 2640 818 2677 Julii
852 2641 1014 2677 Caesaris
1035 2655 1120 2690 quae
1152 2647 1295 2684 extant,
1327 2653 1415 2676 cum
1437 2639 1590 2677 selectis

193 2701 381 2740 variorum
403 2703 701 2748 commentariis,
738 2716 900 2752 quorum
921 2703 1094 2754 plerique
1114 2703 1217 2747 novi,
1252 2715 1368 2752 opem
1393 2709 1432 2740 et
1463 2702 1590 2741 studio
