1872 3104
246 184 359 225 1900
793 198 841 227 H.
877 197 1142 227 nouweilm

248 294 520 333 Caesarionem.
582 297 708 334 Minus
731 303 855 334 tamen
877 297 1038 333 idoneus
1062 297 1190 333 fuisset
1213 296 1365 346 Oppius
1387 295 1434 332 ad
1458 294 1703 333 scribendum

246 357 295 395 de
327 359 400 395 lio(-
436 368 675 405 argumento,
708 361 737 396 si
769 361 848 409 ipse
883 373 1037 410 qnoque
1071 360 1170 396 bello
1206 360 1462 396 Alexandrino
1494 372 1566 395 non
1595 359 1707 396 inter-

246 420 389 459 fuisset.
455 423 590 459 Melius
621 437 724 471 crgo,
749 425 817 459 linc
840 423 886 459 (le
908 436 1034 464 causa.
1061 425 1221 460 llirtium
1246 424 1361 471 liujus
1393 424 1542 470 l’rologi
1573 429 1706 459 uncto-

246 498 325 523 rem
348 486 669 523 existimabimus.
727 487 846 536 Oppii
866 487 964 523 enim
988 487 1205 523 testimonio
1239 486 1286 523 dc
1314 486 1390 523 filio
1418 486 1580 522 (fiat-suris
1612 499 1707 535 pug-

245 550 359 585 nabat
377 549 490 585 etiam
517 550 718 592 Antonius,
741 552 799 586 vix
822 551 874 586 ita
905 558 1006 587 certe
1037 550 1221 591 tacturus,
1242 550 1311 586 nisi
1344 550 1585 586 Alexnndriae
1618 563 1703 586 cum

246 613 398 649 Cicsare
429 611 628 649 adfuisset.
690 614 829 649 Nescio
863 614 1056 659 clinnum]
1099 614 1158 650 liic
1195 613 1305 649 suerit
1346 613 1499 662 Oppius
1543 613 1705 662 legatus,

246 675 359 723 cujus
392 676 534 712 mentio
565 675 599 710 in
633 676 732 712 bello
767 677 948 712 Africano
986 677 1154 726 culros.
1215 678 1259 714 lit
1290 684 1390 713 certe
1429 678 1550 714 llirtio
1585 677 1705 727 magis

246 737 347 775 favet
369 738 450 788 ipse
472 739 692 780 Suetonius,
716 738 807 775 (lum
832 740 943 775 llirtii
976 741 1129 777 nominc
1152 742 1266 777 verbu
1285 755 1330 777 cx
1352 742 1416 777 illo
1438 741 1520 790 ip«)
1542 740 1706 777 advocat

247 802 426 852 PrologQ
451 815 536 851 quie
559 803 753 852 hodieque
774 803 824 838 ibi
847 803 1097 851 reperiuntur.

247 918 351 957 Idem
383 924 520 957 {tractor
557 919 741 957 librorum
785 923 1015 970 sequentinm
1047 920 1092 958 dc
1124 921 1219 957 bello
1253 921 1536 966 Al‹¹.i·amlrino‚
1576 921 1706 970 Afric.

613 984 729 1033 liisp.
761 983 828 1021 scd
849 990 939 1034 post
973 985 1142 1022 Ctesaris
1172 990 1340 1021 mortem.

300 1069 363 1105 Sic
385 1082 473 1118 ergo
497 1083 564 1114 res,
597 1069 632 1105 ni
663 1069 785 1113 fallor,
810 1069 1001 1106 imbuerit.
1059 1070 1207 1107 Primus
1239 1077 1374 1106 auctor
1412 1069 1586 1119 praedicti
1618 1070 1708 1106 Pro-

245 1132 332 1181 logi,
354 1133 420 1182 qui
453 1133 613 1170 Caesaris
643 1133 785 1182 scripta
806 1133 963 1182 digessit
984 1134 1125 1183 pariter
1157 1147 1201 1170 ac
1224 1134 1430 1183 supplevit,
1453 1147 1528 1170 non
1550 1134 1704 1184 Oppius

248 1196 371 1241 fuerit,
405 1197 470 1233 sed
504 1197 664 1242 Hirtius,
696 1198 761 1247 qni
800 1198 961 1247 proinde
991 1198 1148 1244 ibidem,
1172 1198 1238 1234 ubi
1273 1198 1428 1241 Balbus,
1453 1198 1577 1241 suerit,
1601 1198 1704 1247 quod

246 1260 408 1297 assiduis
432 1261 530 1298 illius
559 1274 635 1297 non
663 1261 791 1305 literis,
825 1262 890 1299 sed
915 1262 1085 1306 vocibus,
1107 1268 1266 1299 coactus
1287 1275 1383 1297 onus
1402 1261 1492 1297 illud
1515 1261 1707 1298 scribendi

246 1325 470 1373 susceperit.
530 1325 692 1374 Scripsit
721 1339 811 1375 ergo
844 1326 988 1362 Hirtius
1012 1326 1220 1375 prologum
1250 1325 1298 1362 ad
1330 1325 1496 1362 amicum
1533 1324 1707 1371 Caesaris,

246 1388 470 1425 Cornelium
494 1388 658 1426 Balbum
680 1389 916 1426 Gaditanum
949 1389 1194 1426 ditissimum.
1254 1391 1303 1426 Et
1337 1390 1372 1425 in
1406 1390 1567 1439 prologo
1600 1403 1706 1426 com-

246 1452 452 1489 mentarios
473 1465 493 1489 a
515 1466 553 1490 se
573 1453 735 1502 scriptos
755 1454 941 1503 supponit
967 1467 1090 1491 rerum
1110 1461 1300 1504 gestarum
1322 1453 1477 1499 Gallim,
1497 1466 1570 1490 non
1601 1466 1707 1491 com-

246 1516 436 1566 parandos
475 1517 733 1567 superioribus
770 1523 885 1567 atque
921 1517 1207 1568 insequentibus
1238 1518 1398 1555 Caesaris
1432 1517 1601 1566 scriptis.
1658 1517 1709 1554 Hi

247 1580 510 1618 commentarii
533 1581 595 1618 alii
614 1595 696 1618 esse
718 1594 793 1618 non
816 1587 999 1631 poterunt
1018 1582 1068 1618 ab
1091 1592 1194 1619 v111.
1217 1583 1281 1631 qui
1305 1581 1512 1630 Prologum
1532 1581 1707 1630 proxime

247 1644 478 1694 excipiebat,
503 1645 590 1682 belli
606 1645 751 1682 Gallici
772 1645 883 1690 libro,
915 1645 1044 1682 medio
1075 1645 1251 1681 nimirum
1292 1645 1388 1681 inter
1422 1645 1537 1681 libros
1565 1644 1707 1682 Gallici

249 1707 338 1745 belli
359 1709 516 1758 priores,
535 1722 632 1759 quos
654 1716 785 1747 censet
804 1709 1030 1760 superiores,
1051 1717 1089 1747 et
1110 1709 1226 1745 libros
1248 1708 1334 1745 belli
1357 1708 1496 1752 Civilis,
1520 1721 1617 1759 quos
1638 1721 1708 1758 pro

246 1772 401 1821 scriptis
431 1773 605 1822 ejusdem
639 1774 801 1811 Cres-<iris
836 1775 951 1812 habet
977 1774 1279 1824 insequentibus.
1337 1773 1400 1810 Sic
1427 1773 1518 1809 niliil
1550 1773 1707 1817 liabent,

248 1849 327 1886 quo
363 1850 401 1873 se
431 1843 611 1875 tueantur
650 1837 825 1875 Floridus
859 1839 1024 1876 Sabinus
1059 1846 1098 1875 et
1136 1838 1357 1875 Ludovicus
1388 1837 1534 1874 Carrio.
1593 1837 1708 1873 Hunc

246 1900 385 1937 librum
416 1914 454 1938 se
484 1901 728 1939 contexuisse
748 1909 909 1940 testatur
940 1904 1111 1940 Hirtius:
1143 1902 1306 1952 proinde
1336 1902 1419 1950 jam
1451 1908 1558 1938 antea
1592 1899 1709 1949 scrip·-

247 1971 342 2009 tum,
364 1970 402 2001 et
429 1965 557 2002 medio
578 1971 705 2002 tamen
728 1966 806 2010 illo,
829 1980 942 2016 quem
974 1967 1064 2010 dixi,
1089 1967 1175 2002 loco
1201 1966 1443 2015 dispositum.
1502 1966 1598 2002 Haec
1630 1971 1709 2002 erat

247 2028 422 2066 nimirum
440 2030 670 2079 scriptorum
701 2030 864 2067 Caesaris
883 2029 1047 2079 digestio
1072 2030 1150 2075 illa,
1171 2029 1219 2066 de
1254 2042 1329 2079 qua
1363 2029 1534 2079 loquitur
1566 2037 1708 2074 noster,

249 2100 305 2132 tot
337 2093 489 2131 saeculis
516 2094 718 2139 recentior,
742 2107 818 2144 qua
853 2107 919 2132 sua
954 2094 1105 2145 seriptis
1138 2095 1258 2144 ipsius
1290 2095 1450 2133 Caesaris
1472 2094 1595 2131 media
1615 2107 1708 2132 eon-

247 2158 371 2196 texuit
400 2171 553 2195 eoaevus·
589 2157 750 2195 Hirtius.
807 2159 950 2196 Noster
969 2159 1080 2196 etiam
1110 2159 1234 2197 editos
1261 2159 1296 2196 in
1331 2159 1457 2195 lucem
1484 2159 1602 2196 libros
1623 2159 1710 2196 Cae-

248 2221 341 2259 saris
377 2227 536 2259 testatur
565 2223 614 2259 ab
648 2223 744 2268 aliis,
780 2223 845 2273 qui
878 2223 992 2260 rebus
1022 2224 1112 2274 ipsis
1138 2222 1399 2261 interfuerant.
1456 2222 1569 2260 Unde
1602 2223 1709 2260 hoc?

248 2285 401 2336 Nempe
422 2299 467 2323 ex
488 2287 560 2325 illis
582 2287 735 2336 Prologi
770 2287 920 2324 verbis:
951 2292 961 2308 ‘
983 2287 1048 2337 qui
1070 2293 1156 2325 sunt
1176 2287 1283 2332 editi,
1313 2300 1360 2324 ue
1390 2286 1549 2323 scientia
1588 2292 1710 2324 tanta-

248 2363 331 2388 rum
352 2363 478 2388 rerum
508 2350 754 2400 scriptoribus
777 2351 954 2388 deesset!
1009 2352 1086 2389 Sed
1121 2363 1324 2401 perperam
1351 2357 1480 2387 noster
1509 2349 1707 2394 intellexit,

249 2413 280 2450 si
300 2420 381 2451 tuin
404 2414 568 2463 primum
599 2414 722 2451 editos
751 2413 786 2450 in
820 2413 943 2450 lucem
981 2414 1142 2451 Caesaris
1175 2413 1466 2451 commentarios
1502 2413 1707 2457 censuerit,

249 2490 339 2515 cum
377 2478 586 2527 Prologum
624 2477 810 2515 scriberet
842 2478 1014 2523 1·lirtius;
1059 2491 1196 2528 nempe
1228 2484 1315 2528 post
1344 2484 1505 2514 mortem
1535 2476 1709 2515 Caesaris.

251 2542 375 2578 Immo
392 2541 475 2591 jam
503 2548 615 2579 antea
647 2542 684 2578 in
714 2542 816 2579 clara
836 2542 920 2579 luce
951 2542 1066 2579 fuisse
1088 2549 1254 2579 versatos
1285 2555 1304 2578 e
1325 2541 1521 2579 Ciceronis
1553 2544 1708 2577 constat

252 2605 394 2641 Bruto:
426 2605 542 2642 immo
561 2619 607 2643 ex
629 2606 704 2643 hoc
737 2606 822 2655 ipso
842 2606 1019 2656 Prologo.
1076 2607 1159 2644 Jam
1195 2607 1293 2643 enim
1323 2605 1505 2656 probatos
1537 2604 1707 2641 omnium

245 2666 400 2714 judicio
424 2675 600 2715 testatur,
633 2670 716 2719 jam
751 2671 788 2707 in
831 2670 1001 2708 omnium
1035 2671 1286 2708 admiratione
1319 2669 1450 2711 fuisse,
1471 2667 1579 2717 quasi
1609 2667 1706 2705 bene

251 2728 528 2782 emendateque
562 2732 739 2783 scriptos.
794 2734 884 2772 Nou
923 2747 1013 2786 ergo
1040 2734 1088 2772 de
1115 2746 1195 2779 sua,
1229 2733 1295 2770 sed
1328 2730 1504 2777 Caesaris,
1539 2729 1705 2769 editione
