1872 3104
272 142 385 183 ‘2018
764 157 964 186 ‚uosnnut
998 159 1047 185 se
1067 157 1259 187 mutum

331 247 555 290 Γείοοαεςεε
577 263 803 305 perperam
833 252 901 292 edi
936 257 1140 306 putamus
1174 266 1254 306 pro
1280 253 1605 294 Baiocassibus.
1670 252 1729 294 Le

262 331 384 374 pays,
408 317 625 374 Bailliage
645 327 680 359 et
699 318 877 360 EvescM
897 319 945 360 de
970 318 1131 361 Baleux
1152 334 1200 360 en
1220 318 1487 363 Normandie.

332 383 487 427 Veneti.
543 384 694 426 sennes
718 400 763 426 en
789 386 1014 441 Bresagne.

331 452 366 493 V
367 453 618 494 eromandui.
683 454 844 495 Eorum
894 457 1050 496 civitas
1100 456 1301 509 Augusta
1339 456 1728 497 veromandorum.

271 522 415 563 Saiuct
451 521 631 564 Quemne
661 536 711 561 en
747 520 1024 564 Ver-mammis.
1079 525 1130 564 ln
1164 525 1255 565 vita
1275 524 1321 565 S.
1345 523 1542 574 Quintini
1570 524 1729 565 diserte

269 591 429 631 dicitur
452 589 656 641 Augusta
677 591 1069 631 Vermanduorum.

329 654 369 695 V
367 656 533 697 eszmcio.
590 655 705 698 Aliis
737 658 940 699 scribitur
972 659 1193 700 Bisuntio.
1248 658 1478 714 Besanfon.
1526 660 1731 702 Maxima

267 724 580 778 Sequanorum.

329 790 502 834 Vienna.
541 789 692 832 Viemte
712 790 760 832 de
782 790 997 846 Daulfiue‘.
1048 792 1222 833 Vienna
1242 792 1539 847 Allobrogum.

330 858 513 902 Vocates.
546 861 832 915 Suspicamur
864 874 963 902 esse
995 858 1162 910 Boates,
1196 858 1363 900 Buchs:
1405 861 1524 915 quod
1559 863 1730 903 omnino

266 933 431 970 certum
447 934 528 971 est.
589 930 672 970 Siti
690 930 849 970 suntin
866 929 1022 970 finibus
1040 928 1387 983 Lapurdensium
1404 932 1506 982 post
1526 927 1731 970 Medulos

266 997 312 1037 in
331 997 757 1052 Novempopulania.

327 1061 527 1106 Vocontii.
582 1063 642 1104 Le
660 1079 761 1119 pays
781 1064 830 1104 (le
853 1063 1115 1120 Diejnsques
1137 1064 1161 1105 ιὶ
1188 1063 1354 1106 Vaison.

328 1129 472 1175 Volcae.
520 1133 734 1187 Duplices
755 1137 864 1174 sunt.
915 1133 1072 1175 Volcae
1093 1132 1358 1183 Arecomici,
1388 1134 1430 1174 in
1451 1134 1610 1186 quibus
1640 1132 1730 1174 Ne·

264 1215 456 1251 mausus,
481 1200 739 1250 Ucetenses,
783 1200 1138 1253 Mag-alonenses,
1172 1200 1383 1242 Bitierrae.
1437 1201 1595 1242 Volcae
1617 1201 1730 1241 Tee-

263 1273 452 1321 tosages,
473 1269 516 1309 in
539 1269 698 1322 quibus
729 1267 963 1318 Carcasso,
985 1272 1028 1309 et
1047 1268 1227 1309 Tolosa.
1269 1268 1320 1308 In
1348 1267 1526 1309 Caesare
1566 1268 1731 1309 editum

264 1341 333 1378 cst
359 1334 399 1375 V
396 1336 511 1391 olgoe,
533 1343 580 1378 ut
600 1341 642 1377 et
662 1337 706 1377 in
727 1335 986 1390 quibusdam
1011 1336 1110 1376 aliis
1131 1337 1434 1389 scriptoribus,

327 1403 640 1445 Uxellodunum.
689 1404 861 1445 Nomen
874 1403 1042 1451 retinet,
1065 1401 1279 1452 Ussoldan,
1295 1408 1338 1444 et
1351 1402 1388 1442 lo
1402 1402 1531 1456 puech
1546 1402 1731 1444 d’Ussol-

265 1471 362 1523 dun,
384 1474 428 1514 id
448 1479 514 1514 est
528 1474 707 1527 podium
735 1472 995 1513 Uxelloduni
1013 1486 1022 1513 :
1045 1473 1149 1525 quia
1169 1476 1235 1512 est
1254 1473 1295 1513 in
1314 1472 1554 1512 editissimo
1576 1476 1619 1513 et
1639 1472 1731 1512 val-

265 1540 318 1580 de
338 1546 561 1595 praerupto
593 1543 692 1583 loco
714 1542 857 1581 situm.
911 1540 1057 1580 Locus
1075 1545 1139 1580 est
1162 1541 1204 1580 in
1235 1540 1391 1580 tinibus
1414 1539 1728 1589 Cadurcorum,

264 1613 310 1649 ut
341 1608 493 1651 Caesar
513 1624 686 1664 quoque
718 1613 851 1658 notat,
886 1622 1024 1662 prope
1063 1609 1272 1661 oppidum
1305 1607 1566 1647 Martellum.
1629 1607 1732 1648 Flu-

264 1689 378 1725 men,
402 1679 528 1731 cujus
548 1691 702 1717 nomen
734 1677 871 1718 tacuit
894 1676 1062 1724 Casan
1085 1682 1150 1716 est
1189 1676 1436 1716 Herdonia:
1468 1675 1730 1716 horrendum

263 1747 445 1797 aspectu
474 1745 783 1798 praecipitium,
815 1744 941 1797 quale-
972 1744 1231 1784 describitur
1261 1757 1287 1783 a
1316 1743 1509 1783 Caesare,
1571 1742 1727 1784 Multa),

263 1815 362 1852 sunt
382 1811 441 1851 ibi
463 1812 655 1865 reliquiae
677 1811 910 1852 vetustatis
930 1811 1202 1852 venerandae.
1265 1811 1471 1861 Quotidie
1493 1811 1548 1851 ab
1571 1812 1729 1852 aranti-

264 1879 347 1918 bus
368 1880 633 1919 numismata
646 1879 848 1919 Romana
868 1877 1139 1919 effodiuntur.
1187 1877 1273 1918 Vix
1291 1879 1482 1931 reperias
1501 1878 1728 1929 rusticum,

265 1947 338 1999 qui
369 1946 422 1985 (le
452 1946 553 1986 loeo
587 1947 887 1994 interrogatus,
920 1959 1006 1985 non
1034 1948 1178 1986 statim
1210 1946 1492 1998 respondeat:
1526 1944 1729 1986 Castrum

265 2014 592 2054 Uxellodunum
614 2014 722 2054 illud
744 2028 771 2054 a
793 2013 966 2054 Caesare
996 2015 1163 2066 magnis
1189 2014 1394 2067 operibus
1424 2018 1728 2067 expugnatum

263 2082 415 2123 fuisse.
477 2082 696 2122 Praeterea
729 2081 961 2122 ostendunt
992 2083 1168 2131 sontem,
1207 2083 1333 2135 cujus
1367 2095 1493 2121 usum
1533 2082 1728 2122 obsessis

263 2149 588 2191 intercluserunt
610 2150 817 2191 Romani.
878 2150 926 2189 Si
957 2150 1131 2202 uspiam
1165 2151 1399 2202 scriptores
1418 2149 1545 2203 hujus
1577 2149 1663 2189 aevi
1684 2150 1729 2189 in

261 2218 463 2257 notandis
486 2223 672 2258 veterum
696 2218 889 2258 locorum
911 2217 1282 2270 appellationibus
1303 2216 1505 2256 hariolari
1526 2220 1638 2266 sunt,
1656 2216 1725 2257 hic

263 2298 365 2325 vero
387 2299 496 2325 unus
519 2286 638 2326 locus
667 2292 746 2333 est,
772 2287 810 2324 in
834 2300 918 2338 quo
947 2285 1101 2324 melius
1135 2285 1286 2325 suisset
1307 2285 1406 2324 illos
1429 2284 1643 2325 tacuisse:
1685 2287 1729 2328 et

263 2353 368 2406 quid
390 2366 501 2406 opus
522 2366 669 2393 eorum
690 2354 859 2393 somnia
882 2353 1035 2393 referre
1052 2354 1068 2392 ’ἶ

322 2420 438 2461 Haec
469 2421 670 2473 pauxilla
701 2421 753 2460 (le
781 2421 1144 2473 appellationibus
1172 2420 1365 2460 locorum
1396 2424 1435 2459 et
1467 2420 1655 2472 gentium
1683 2418 1726 2457 in

265 2487 442 2529 Caesare
456 2489 759 2528 delibavimus.
824 2487 939 2528 Nam
963 2501 1251 2540 quaecumque
1273 2488 1517 2535 omisimus,
1540 2485 1648 2525 adeo
1662 2484 1725 2523 in-

263 2556 493 2607 explorata
523 2561 632 2604 sunt,
667 2561 715 2596 ut
744 2559 907 2596 tantum
945 2556 1085 2603 abest,
1106 2568 1159 2595 ea
1191 2568 1289 2595 vere
1320 2555 1547 2601 retulerint,
1568 2551 1638 2604 qui
1669 2551 1722 2591 de

264 2621 350 2661 illis
373 2625 655 2676 scripserunt,
678 2629 724 2665 ut
753 2624 857 2663 inihi
879 2629 1045 2664 constet
1065 2624 1224 2663 nullam
1244 2636 1366 2675 spem
1387 2634 1481 2661 esse
1502 2618 1557 2659 ad
1575 2631 1722 2659 eorum

264 2687 586 2741 indagationem
608 2691 874 2744 penetrandi.
935 2691 1084 2740 Quare
1107 2692 1149 2731 in
1178 2690 1322 2730 medio
1340 2702 1392 2729 ea
1424 2687 1722 2741 relinquimus,
