1872 3104
599 170 639 197 C.
671 167 706 196 J.
740 164 958 194 CAESARls
993 163 1125 191 Vl'l'A.
1479 152 1591 193 1947

138 281 194 313 ρος
227 266 316 314 ὑπὲρ
348 266 480 301 τούτων
499 262 698 303 ἐπιστολὴν
718 259 958 307 κομισθεῖσαν
992 258 1042 292 εἰς
1075 256 1116 292 τὸ
1149 257 1286 297 πλῆθος
1318 255 1502 300 ἐξήνεγκε,
1524 259 1584 292 καὶ

139 331 286 375 ἀνέγνω
303 327 373 375 βίᾳ
392 332 463 363 τῶν
483 324 643 360 ὑπάτων.
700 321 762 357 Ἐν
782 318 822 356 δὲ
843 323 885 371 τῇ
900 318 1022 371 βουλῇ
1042 318 1228 355 Σκιπίων4
1248 319 1331 367 μὲν,
1347 318 1365 352 ὁ
1387 316 1586 365 Πομπηΐου

141 391 322 438 πενθερὸς,
355 389 579 434 εἰσηγήσατο
609 389 777 433 γνώμην,
816 384 864 419 ἂν
894 383 935 418 ἑν
966 384 1082 432 ἡμέρᾳ
1114 382 1204 432 ῥητῇ
1235 384 1284 430 μὴ
1318 383 1519 424 κατάθηται
1540 385 1586 416 τα

141 456 237 491 ὅπλα
270 452 431 499 Καῖσαρ,
466 449 739 499 ἀποδειχθῆναι
771 450 951 496 πολέμιον
983 447 1108 482 αὐτόν.
1178 445 1417 492 Ἐρωτὼντων
1449 442 1488 479 δὲ
1518 450 1591 479 τῶν

142 519 298 559 ὑπάτων,
330 517 361 551 εἰ
396 513 493 550 δοκεῖ
521 512 721 562 Πομπήϊον
751 513 901 561 ἀφεῖναι
935 507 1013 546 τοὺς
1046 512 1280 556 στρατιώτας,
1315 510 1372 544 καὶ
1406 508 1533 552 πάλιν,
1563 509 1595 542 εἰ

141 579 235 616 δοκεῖ
256 579 446 626 Καίσαρα,
467 580 510 630 τῇ
529 577 599 625 μὲν
620 576 744 622 ὀλίγοι
767 574 1000 616 παντάπασι,
1034 575 1077 624 τῇ
1108 570 1148 608 δὲ
1178 572 1312 608 πάντες
1346 573 1428 620 παρ’
1448 572 1597 617 ὀλίγους

141 643 373 691 προσέθεντο.
425 639 512 676 Τῶν
532 638 573 675 δὲ
593 640 672 686 περὶ
693 637 900 674 Ἀντώνιον
920 636 1037 672 πάλιν
1063 636 1261 680 ἀξιούντων
1288 637 1511 686 ἀμφοτέρους
1531 637 1597 679 τὴν

140 707 260 755 ἀρχὴν
279 706 441 755 ἀφεῖναι,
468 704 601 740 πάντες
631 703 777 751 ὁμαλῶς
797 702 1102 750 προσεχώρησαν.

140 769 348 812 Σκιπίωνος,
371 769 428 804 καὶ
449 766 623 804 Λέντλου
653 770 714 802 τοῦ
748 765 886 802 ὑπάτου
920 764 1094 810 βοῶντος,
1130 763 1256 799 ὅπλων
1277 760 1354 798 δεῖν
1374 762 1457 809 πρὸς
1479 759 1597 808 ἄνδρα

1158 699 1300 743 Ἀλλὰ,
1323 697 1596 747 ἑκβιαξομὲνου

142 835 292 885 λῃστὴν,
315 833 356 868 οὐ
380 831 523 880 ψήφων,
544 833 626 867 τότε
658 830 727 878 μὲν
747 828 983 873 διελύθησαν,
1006 829 1064 864 καὶ
1082 825 1339 876 μετεβάλοντο
1360 828 1423 862 τὰς
1443 826 1598 869 ἐσθῆτας

141 896 201 932 ἐπὶ
221 897 348 932 πένθει
368 893 428 931 διὰ
448 896 513 938 τὴν
536 895 682 931 στάσιν.

655 1082 690 1123 C
708 1082 747 1123 A
763 1083 816 1123 P.
880 1082 1084 1123 XXXI.

146 1199 281 1229 ‘'resare
299 1198 379 1229 alias
403 1208 528 1240 easque
545 1197 736 1229 moderatas
753 1196 965 1228 conditiones
982 1194 1157 1235 offerente,
1174 1194 1422 1236 Pompeioque,
1438 1194 1602 1225 Cicerone

188 1251 396 1291 potissimum
414 1252 647 1290 conciliatore,
666 1251 738 1291 jam
765 1249 922 1288 cedente,
948 1248 1112 1279 Lentulus
1134 1249 1250 1279 consul
1268 1252 1448 1288 repugnat,
1463 1247 1602 1278 Caesari-

191 1312 255 1343 que
271 1302 573 1334 commodissimum
592 1302 670 1334 belli
685 1306 892 1343 praetextum
908 1300 1018 1332 offert.

200 1410 302 1447 Ἐπεὶ
323 1408 363 1446 δὲ
381 1413 481 1459 παρὰ
501 1410 694 1460 Καίσαρος
713 1409 801 1455 ἧκον
820 1410 1014 1446 ἐπιστολαὶ
1038 1408 1255 1458 μετριάέειν
1273 1406 1470 1453 δοκοῦντος,
1490 1410 1605 1456 (ἠξίου

806 1527 946 1560 NOTAE

150 1602 194 1631 ris
220 1602 399 1641 epistolam
428 1601 502 1643 ὑπὲρ
516 1602 645 1643 τούτων,
673 1603 715 1635 de
737 1613 791 1643 eo,
816 1607 852 1634 ut

152 1657 292 1692 uterque
309 1652 457 1691 privatus
470 1652 671 1694 fieret,ann0
686 1654 851 1695 proximo,

151 1701 239 1742 quod
255 1702 328 1742 ipse
349 1702 552 1734 Plutarchus
579 1709 725 1735 testatur
749 1704 782 1734 in
807 1704 850 1735 V.

151 1752 272 1792 Pomp.
296 1762 325 1783 c.
343 1756 395 1783 59.
442 1753 592 1794 Appiani
608 1754 688 1785 ordo
705 1755 758 1785 hic
775 1758 827 1785 est
843 1765 850 1784 :

153 1802 203 1834 Cl.
220 1803 386 1834 Marcello
403 1808 438 1835 et
460 1804 583 1835 Paullo
610 1805 679 1835 Css.
705 1804 852 1835 Curione

153 1851 262 1883 adhuc
280 1853 430 1892 tribuno,
446 1853 609 1885 Claudius
635 1858 788 1885 senatum
805 1854 853 1884 in-

154 1903 361 1943 terrogabat,
378 1906 405 1934 l.
431 1908 543 1934 utrum
569 1904 695 1935 Caesari
722 1913 853 1934 succes-

152 1961 244 1982 sores
261 1953 419 1983 mittendi
434 1954 524 1984 sint?
547 1953 635 1994 quod
653 1953 787 1993 plurimi
804 1962 855 1983 se-

153 2006 309 2032 natorum
335 2007 476 2033 censent
501 2002 717 2040 faciendum,
755 2005 787 2033 2.
818 2013 854 2033 u-

156 2058 244 2083 trum
263 2053 426 2093 Pompeio
449 2053 627 2093 imperium
645 2053 689 2083 sit
705 2052 854 2083 adimen-

157 2101 234 2131 dum
249 2102 259 2131 ?
299 2103 431 2141 plurimi
459 2108 597 2143 negant.
652 2103 737 2133 Tum
754 2103 856 2133 etiam

158 2151 260 2182 Curio
287 2151 496 2191 interrogat:
535 2155 565 2183 3.
589 2157 703 2184 utrum
721 2153 857 2194 utrique

157 2201 299 2241 imperio
315 2201 408 2232 abire
436 2202 608 2232 debeant?
643 2202 732 2243 quod
761 2211 857 2234 xxn.

157 2251 370 2282 senatoribus
388 2251 558 2291 displicet,
569 2260 716 2283 cchxx.
731 2253 856 2293 placet.

157 2302 262 2343 (Haec
273 2303 415 2334 tradidit
427 2304 768 2335 Plutarchusverbis:
788 2304 858 2344 ἐρω-

158 2350 582 2393 τώντων-προσεχώρησανε
611 2353 671 2384 sed
696 2353 858 2394 Antonio,

161 2401 316 2432 Curionis
330 2403 514 2433 successori
530 2403 663 2443 tribuit,
687 2404 776 2444 quod
794 2405 859 2436 Cu-

163 2452 247 2482 rioni
266 2452 479 2483 tribuendum
496 2458 582 2492 erat,
593 2455 744 2495 quamvis
758 2456 860 2487 Curio

162 2511 224 2541 pro
249 2501 386 2532 Caesare
403 2501 588 2533 Antonium
612 2503 754 2535 haberet
769 2505 862 2545 adju-

163 2555 285 2582 torem.
322 2551 375 2582 Cf.
392 2551 473 2582 Vita
488 2552 608 2592 Pomp.
623 2562 653 2583 c.
668 2553 738 2592 58.)
777 2555 862 2585 Tum

111 2636 117 2643 Ι
165 2601 325 2632 Claudius
356 2611 448 2633 cons.
479 2602 644 2642 Pompeio
673 2603 863 2633 exercitum

165 2656 200 2683 et
215 2652 392 2694 imperium
409 2658 529 2684 contra
553 2653 721 2684 Caesarem
747 2654 863 2685 tradit.

168 2701 281 2743 Curio,
306 2708 453 2735 exeunte
479 2703 664 2744 tribunatu,
684 2703 726 2734 ad
753 2704 865 2736 Caesa-

905 1612 974 1633 rem
1013 1600 1113 1640 fugit,
1147 1598 1204 1641 qui
1240 1597 1375 1630 interim
1407 1597 1608 1628 Ravennam

905 1656 1136 1693 pervenerat3
1173 1649 1310 1681 Curioni
1337 1648 1525 1679 succedunt
1541 1648 1609 1678 An-

907 1703 1017 1734 tonius
1055 1706 1090 1732 et
1130 1700 1274 1732 Cassius.
1334 1699 1422 1730 Novi
1453 1698 1609 1730 consules

907 1758 996 1791 sunt,
1021 1752 1061 1782 C.
1079 1752 1128 1783 Cl.
1153 1750 1350 1788 Marcellus,
1376 1749 1426 1779 M.
1443 1748 1503 1787 fil„
1519 1752 1554 1779 et
1571 1748 1609 1779 L.

908 1802 1008 1833 Corn.
1028 1801 1189 1831 Lentulus
1206 1801 1303 1838 CruS,
1315 1809 1345 1829 a.
1359 1799 1437 1830 Chr.
1449 1801 1503 1829 49.
1526 1799 1610 1828 Tum

908 1852 1023 1882 Caesar
1044 1849 1229 1881 mediocria
1251 1849 1342 1889 (quae
1366 1849 1516 1888 proximo
1533 1857 1609 1887 cap.

908 1900 1082 1942 leguntur)
1107 1900 1221 1940 petiit,
1245 1909 1332 1939 quae,
1355 1898 1520 1937 Pompeio
1538 1897 1611 1937 jani

908 1953 1066 1990 cedente,
1081 1951 1236 1982 consules
1250 1948 1442 1990 prohibent.
1474 1947 1612 1978 Deinde

909 2001 1024 2033 Caesar
1050 2002 1123 2032 Css.
1148 2000 1323 2040 epistolam
1348 1998 1439 2029 misit
1464 2007 1524 2037 per
1548 1998 1613 2028 Cu-

908 2052 1049 2089 rionem,
1060 2060 1101 2081 ea
1116 2048 1297 2087 sententia,
1309 2058 1345 2078 se
1361 2057 1435 2078 cum
1447 2046 1612 2086 Pompeio

911 2101 1055 2141 imperio
1072 2100 1165 2130 abire
1181 2099 1291 2136 velle,
1327 2098 1385 2128 illo
1403 2106 1482 2128 vero
1508 2097 1614 2136 impe-

911 2150 998 2181 rium
1023 2151 1207 2188 retinente,
1223 2158 1258 2179 se
1275 2148 1392 2188 patriae
1409 2152 1444 2178 et
1461 2147 1523 2178 sibi
1547 2156 1615 2178 non

912 2199 1118 2230 defuturum.
1172 2199 1256 2229 Tum
1273 2198 1428 2228 consules
1444 2197 1615 2228 Caesarem

912 2260 974 2291 pro
989 2251 1087 2282 hoste
1101 2250 1240 2288 habent,
1264 2248 1450 2280 Antonium
1476 2252 1513 2278 et
1536 2249 1615 2279 Cas-

912 2302 998 2332 sium
1015 2311 1056 2332 ex
1073 2305 1190 2332 senatu
1208 2300 1415 2340 propellunt,
1437 2301 1538 2340 (quos
1552 2299 1617 2329 Cu-

912 2352 962 2383 rio
976 2356 1012 2382 et
1025 2353 1074 2383 M.
1086 2350 1244 2383 Caecilius
1260 2350 1397 2391 quidam
1414 2349 1619 2390 sequuntur)

914 2407 950 2434 et
965 2412 1080 2433 omnes
1097 2402 1140 2433 ad
1157 2402 1326 2433 Caesarem
1342 2399 1551 2440 profugiunt.

956 2453 976 2482 4
1010 2451 1155 2492 Σκιπίων]
1199 2450 1300 2483 Quod
1314 2453 1431 2480 nostro
1446 2450 1522 2479 loco
1539 2447 1619 2478 Plu·

917 2503 1050 2534 tarchus
1067 2502 1215 2542 Scipioni
1240 2504 1275 2531 et
1296 2500 1453 2537 Lentulo,
1478 2498 1568 2528 idem
1583 2497 1618 2528 in

916 2555 1040 2593 Pomp.
1068 2554 1112 2584 V.
1139 2563 1169 2583 c.
1196 2555 1250 2582 58.
1295 2550 1463 2581 Marcello
1487 2548 1621 2588 tribuit,

917 2609 953 2635 et
981 2604 1028 2633 ita
1055 2601 1208 2639 invertit,
1225 2605 1262 2632 ut
1281 2599 1371 2641 quod
1397 2603 1515 2631 nostro
1541 2599 1618 2631 loco

918 2658 971 2685 est
986 2651 1171 2694 posterius,
1187 2650 1244 2681 illo
1261 2651 1306 2681 sit
1322 2649 1426 2691 prins.
