1872 3104
672 197 1004 228 LA'rlNl'rA'rlS.

113 294 280 326 Concidere
317 294 441 331 unitnis,
475 292 621 322 animum
652 290 809 332 abjicere,

155 338 262 369 minus
275 337 347 379 spei
358 335 483 366 habere
496 334 527 364 G
546 334 615 371 viii,
632 336 684 364 10.

114 381 295 419 Concidere,
325 376 481 409 occidere
512 375 543 407 G
562 376 582 413 i,
613 379 664 407 12.
696 375 730 415 ii,
757 379 808 407 ll.

154 423 206 453 via
231 422 359 458 conciso,
388 418 511 459 passim
528 418 694 460 impedita
716 419 748 450 G
764 419 812 459 iii,

115 505 289 537 Conciliare
302 504 432 544 aliquem
447 504 540 534 alicui
562 503 730 538 (favorem
755 503 813 534 ali-

155 546 268 587 cujus)
293 546 325 577 G
348 557 380 586 v,
406 549 436 577 4.
481 547 639 578 conciliari
661 546 756 577 alicui
780 546 811 577 G

155 589 224 627 viii,
234 590 287 620 62.

113 630 297 669 Concilium,
313 636 502 663 conventus
519 632 549 663 G
568 632 590 671 i,
606 634 658 670 18,
676 634 727 662 30.

113 673 296 705 Concionuri
321 684 389 704 cum
412 674 525 715 aliquo,
552 673 644 714 apud
666 674 813 715 aliquem

155 716 187 748 G
203 715 260 755 vii,
275 719 328 747 47.

113 758 280 798 Concipere
314 758 472 801 (animo),
506 768 641 799 capere,
679 757 814 790 discere

155 800 214 832 Af.
230 803 283 832 63.
319 801 486 842 flammam
503 802 530 832 C
547 801 582 840 ii,
599 805 650 833 14.

114 843 302 884 Com-italio,
323 844 470 875 irritatio
487 844 528 875 ad
546 845 710 875 tumultus
726 843 754 875 C
769 843 816 883 iii,

114 928 295 960 Concitator
310 929 517 959 multitudinis
533 929 564 960 G
583 929 652 969 viii,
668 932 722 960 21.
745 937 814 960 con-

156 971 271 1002 citator
286 971 356 1002 belli
373 972 405 1002 G
422 971 494 1011 viii,
510 974 564 1002 38.

117 1015 325 1054 Conclomare,
340 1014 498 1052 clamare,
515 1014 558 1044 de
582 1023 648 1045 uno
677 1014 708 1045 G
725 1013 747 1053 i,
761 1015 816 1044 47.

157 1056 215 1088 ubi
231 1056 437 1097 interpretes
454 1056 553 1096 plura
569 1056 726 1096 exempla
749 1055 818 1086 col-

156 1099 325 1139 legerunt.
366 1099 554 1129 conclamare
575 1100 615 1129 ad
637 1108 725 1129 arma
747 1097 819 1139 (ca-

158 1140 300 1182 pienda)
335 1140 361 1171 C
392 1141 415 1181 i,
445 1143 498 1173 69.
543 1142 729 1172 conclamare
743 1140 820 1182 (ad)

157 1193 232 1214 vasa
255 1183 490 1225 (colligenda),
514 1184 661 1215 clamare
683 1189 719 1215 et
735 1187 821 1214 stre-

158 1226 269 1266 pitum
291 1225 405 1257 facere
432 1236 587 1257 vasorum
613 1225 821 1267 colligendo-

161 1278 236 1299 rum
252 1278 357 1300 causa
372 1269 399 1300 C
416 1269 438 1305 i,
454 1272 506 1300 66.
524 1269 573 1308 iii,
591 1271 644 1307 37,
660 1272 714 1301 75.
754 1278 823 1299 con-

159 1311 292 1342 clanwre
305 1311 469 1342 victorium
486 1311 517 1343 G
536 1321 568 1349 v,
584 1314 636 1343 37.

123 1353 296 1394 Conclusio,
311 1353 442 1385 obsidio
456 1354 484 1385 C
498 1354 534 1392 ii,
550 1356 602 1385 22.

119 1396 301 1426 Conclusam
317 1406 414 1435 mare,
438 1406 504 1427 non
521 1397 590 1427 late
613 1400 747 1437 patens,
769 1405 825 1426 an-

162 1443 310 1478 gustum,
325 1442 363 1469 ut
385 1437 510 1470 fretum
527 1439 558 1470 G
574 1439 623 1479 iii,
639 1442 670 1471 9.
681 1438 725 1470 cf.
741 1438 824 1470 ibid.

162 1490 192 1512 c.
208 1483 239 1511 8.

124 1523 316 1564 concrepare
353 1523 448 1554 armis
485 1523 517 1554 G
549 1523 607 1563 vii,
643 1526 696 1554 21.
746 1523 824 1554 Mos

163 1565 328 1605 Gallicus,
351 1575 427 1597 cum
453 1565 554 1597 armis
577 1565 782 1596 collidendis
799 1575 824 1596 S.

163 1608 418 1648 complodendis
446 1607 631 1648 strepitum
657 1608 762 1649 cient,
788 1611 826 1638 ut

164 1650 317 1681 hostibus
332 1654 498 1682 terrorem
515 1651 683 1690 injiciant.

123 1692 318 1723 Concubinus
333 1693 368 1724 Η
385 1695 439 1724 33.

126 1737 317 1766 Concurrere
332 1737 438 1766 contra
452 1735 583 1775 aliquem
598 1733 654 1765 Af.
671 1737 702 1766 6.

125 1779 302 1808 Concursus
325 1777 461 1816 natium,
487 1787 563 1818 quae
585 1777 738 1819 procella
763 1777 831 1808 col-

166 1819 320 1851 liduntur
336 1820 368 1851 G
386 1829 419 1859 v,
434 1823 486 1851 10.

122 1863 314 1902 Condensus,
330 1862 454 1893 densus
475 1861 531 1894 Af.
555 1866 608 1894 50.

128 1905 275 1936 conditio
303 1905 474 1944 servitutis,
514 1905 598 1936 vitae
629 1904 730 1944 ratio,
767 1913 833 1945 qua

169 1947 244 1988 quis
268 1951 322 1978 est
345 1957 462 1978 servus
491 1947 523 1978 G
541 1947 588 1986 iii,
604 1951 654 1979 10.
700 1951 739 1978 ut
762 1957 831 1977 con-

167 1990 249 2032 ditio
274 1989 360 2028 juris
385 1993 416 2020 et
445 1989 611 2029 libertatis,
635 1990 717 2020 vitae
745 1989 832 2020 ratio

169 2037 323 2072 externa,
336 2042 411 2074 quae
428 2036 564 2064 constat
588 2033 666 2073 jure
683 2036 719 2062 et
733 2031 834 2062 liber-

173 2078 244 2105 tate
261 2074 294 2106 G
317 2075 340 2113 i,
364 2077 417 2107 28.
473 2075 550 2105 bonu
565 2074 741 2106 conditione
761 2073 834 2115 (uu-

170 2119 221 2147 ter
234 2117 475 2154 eortheilhasten
495 2116 714 2157 Umsliinden,)
729 2117 834 2157 confli-

171 2168 246 2198 gere
275 2159 341 2198 ci,
366 2161 419 2189 85.
463 2159 535 2198 pori
563 2160 750 2199 conditione,
781 2168 834 2190 eo-

176 2201 255 2232 dem
271 2201 411 2232 consilio
427 2201 461 2231 H
478 2204 510 2231 5.
765 2214 770 2218 ·

137 2243 378 2282 Gondocefacere
404 2243 519 2274 tirones
549 2241 604 2274 Af.
635 2246 688 2275 71.
725 2243 837 2275 bestias

177 2285 236 2317 Af.
264 2288 318 2316 27.
341 2285 529 2317 abrichten.

137 2329 322 2365 Condocere,
337 2327 581 2360 consuefacere
597 2327 655 2360 Af.
673 2331 726 2360 19.

131 2372 331 2410 Condonore,
357 2370 484 2402 donare
511 2371 542 2403 G
569 2370 641 2410 viii,
670 2374 703 2402 4.
752 2372 838 2402 cond.

154 2415 155 2418 ’
176 2413 326 2451 injurium
338 2413 491 2454 precibus,
514 2413 592 2454 quia
618 2414 706 2445 alter
722 2423 840 2454 preca-

135 2472 138 2474 ·
180 2460 234 2486 tus
249 2460 316 2494 est,
339 2456 472 2487 veniam
488 2456 570 2486 dare
587 2456 618 2487 G
635 2457 657 2495 i,
678 2459 731 2487 20.
753 2457 840 2488 cond.

178 2497 275 2536 injur.
289 2498 404 2537 fratri,

137 2554 140 2557 Δ
181 2539 337 2572 fratrem.
361 2540 441 2572 ibid.

134 2583 316 2614 ⁴Ccmducere
331 2583 479 2623 homines,
505 2593 725 2625 congregare,
752 2582 842 2614 συνά-

181 2637 250 2665 γειν
266 2626 298 2657 G
310 2626 346 2663 ii,
372 2629 402 2664 l,
419 2629 449 2656 2.
473 2625 526 2657 Cf.
542 2627 607 2666 i,4.

135 2667 292 2706 <Conferre
321 2669 464 2699 timorem
492 2670 525 2699 in
558 2669 781 2700 simulationem
812 2668 844 2699 G

186 2711 210 2749 i,
225 2713 277 2742 40.
289 2711 370 2742 ·vid.
385 2715 457 2742 not.
491 2710 573 2749 conf.
589 2712 705 2751 aliquid
720 2711 754 2742 in
769 2714 845 2741 tem-

184 2762 242 2792 pus
269 2753 402 2795 long-ius,
434 2753 575 2785 differre
608 2753 690 2786 ibid.
739 2753 846 2785 Nimi-

447 2499 582 2530 veniam
602 2499 683 2530 dare
700 2503 842 2540 propter

1485 192 1560 233 xlv

906 300 978 321 rum
1016 289 1043 321 is
1080 290 1198 329 conseri
1228 292 1346 332 aliquid
1380 293 1412 323 in
1447 300 1565 336 tempus

905 334 1002 371 aliud,
1030 333 1087 374 qui
1113 334 1269 365 decernit
1297 344 1366 365 rem
1389 335 1454 366 alio
1481 343 1565 369 tem-

905 385 987 416 pore
1011 375 1136 408 sacere.
1184 376 1332 414 Conferre
1358 381 1460 408 castra
1484 381 1569 419 oppi.

905 420 955 457 do,
978 419 1080 458 juxta
1106 419 1269 460 oppidum
1298 429 1424 460 ponere
1453 420 1483 451 A
1513 425 1565 452 37.

908 460 998 500 quod
1015 460 1096 491 ibid.
1115 471 1145 492 c.
1163 464 1215 492 37.
1241 462 1484 501 est,con1'unctu‘
1498 474 1568 494 moe-

906 502 997 533 nibus
1019 506 1120 534 castra
1141 515 1263 544 ponere.
1307 505 1363 536 Sic
1380 509 1481 536 castra
1504 515 1569 536 cas-

907 545 967 575 tris
995 545 1148 585 conferre,
1177 547 1399 588 propinquae
1431 548 1570 589 regione

908 597 1036 628 ponere
1051 588 1083 619 G
1101 589 1171 626 viii,
1188 593 1219 620 9.
1245 592 1271 621 C
1296 591 1345 629 iii,
1368 593 1421 621 79.
1446 596 1481 622 et
1502 599 1570 621 om·

909 630 988 660 nino
1006 630 1034 661 Α
1053 634 1106 669 61,
1129 631 1193 672 bis,
1209 635 1261 663 08.
1287 633 1320 663 H
1337 636 1392 671 20,
1408 636 1461 664 23.

867 672 1016 712 conserta
1041 673 1178 715 (densa)
1193 675 1275 706 acics
1289 675 1320 706 G
1341 676 1364 713 i,
1379 678 1432 706 24.

868 716 1024 757 Conficere
1053 726 1213 748 numerum
1244 718 1389 748 millitum
1420 718 1452 749 G
1481 718 1516 756 ii,
1539 721 1571 749 4.

910 759 1056 800 conficere
1071 759 1198 798 obsides,
1220 769 1395 790 numerum
1418 759 1573 791 obsidum

910 800 942 831 G
974 801 1041 841 viii,
1068 804 1121 832 23.
1162 802 1309 843 conficere
1325 802 1573 842 (consignare),

910 843 1030 874 tabulas
1045 844 1148 874 literis
1182 844 1304 875 Groecis
1327 845 1359 876 G
1383 844 1406 884 i,
1430 848 1482 876 29.
1505 855 1574 875 con-

902 885 993 923 fecta
1017 886 1142 924 vigilia,
1166 885 1264 917 finita
1287 887 1320 917 G
1342 886 1402 922 vii,
1429 890 1460 918 3.
1505 897 1575 918 con-

903 927 1010 965 fectus
1024 928 1101 966 dies,
1117 927 1234 959 finitus
1252 927 1310 960 Af.
1328 932 1379 960 83.
1406 930 1490 960 sidus
1505 939 1574 960 con-

903 969 1036 1009 fectum,
1053 970 1121 1001 vid.
1139 970 1181 1001 ad
1200 970 1256 1003 Af.
1273 974 1326 1003 47.
1365 970 1520 1009 consectus
1534 981 1576 1002 ιε-

910 1014 987 1051 tute,
1000 1011 1198 1044 debilitatus
1216 1014 1248 1045 G
1265 1014 1324 1054 vii,
1337 1017 1389 1045 57.

871 1054 1032 1095 confidere
1050 1054 1111 1086 sibi
1134 1056 1166 1086 iu
1188 1056 1292 1097 aliqua
1313 1067 1346 1088 re
1369 1055 1426 1088 Af.
1451 1058 1504 1088 19.
1548 1055 1578 1087 si

913 1097 1016 1128 lectio
1033 1102 1129 1129 certa
1152 1103 1216 1130 est.

873 1139 1021 1181 Confieri,
1036 1139 1112 1171 fieri
1129 1140 1161 1172 G
1177 1141 1233 1180 vii,
1248 1144 1300 1172 58.

874 1182 1036 1223 Configere
1049 1182 1145 1214 clavis
1158 1183 1190 1214 G
1205 1183 1252 1224 iii,
1269 1186 1321 1214 13.
1345 1183 1499 1225 configere
1514 1185 1582 1213 tur-

913 1224 988 1264 rim,
1012 1229 1225 1266 construere,
1247 1235 1452 1266 componere
1475 1225 1580 1256 fabri·

915 1267 1024 1297 cando
1042 1267 1074 1298 A
1089 1270 1121 1298 2.

876 1309 1080 1351 Confirmare,
1100 1310 1309 1351 persuadere
1333 1310 1366 1342 G
1388 1310 1413 1350 i,
1438 1313 1469 1341 3.
1514 1319 1583 1340 con-

906 1352 1043 1394 firmare
1065 1363 1109 1393 se,
1140 1352 1283 1384 firmiter
1298 1353 1363 1384 sibi
1386 1361 1581 1394 proponere

919 1394 952 1425 G
975 1395 1011 1434 ii,
1028 1397 1078 1426 19.
1124 1396 1306 1437 confirmare
1328 1395 1447 1426 animos
1469 1395 1582 1433 verbis,

919 1437 1101 1477 consolari,
1128 1443 1167 1469 ut
1192 1438 1417 1479 adquiescant
1442 1437 1474 1469 G
1491 1438 1514 1476 i,
1530 1440 1584 1469 33.

918 1479 1100 1521 confirnuzre
1115 1481 1247 1520 aliquem
1275 1480 1426 1519 libertati,
1455 1479 1487 1510 ei
1504 1489 1583 1511 con-

920 1523 1057 1561 cedere,
1071 1527 1110 1554 ut
1124 1522 1259 1554 fruatur
1274 1522 1451 1561 libertate,
1476 1523 1504 1553 si
1518 1523 1586 1555 lec-

920 1563 967 1595 tio
998 1573 1080 1594 vera
1103 1569 1167 1604 est,
1199 1565 1226 1596 C
1249 1565 1271 1604 i,
1307 1568 1357 1596 14.
1401 1564 1585 1606 confirmare

919 1616 952 1637 se
973 1606 1118 1646 auxiliis,
1144 1606 1209 1638 sibi
1231 1606 1336 1638 robur
1361 1607 1490 1638 addere
1513 1609 1540 1640 C
1563 1609 1588 1648 i,

921 1651 973 1680 29.
1022 1650 1212 1691 confirmatis
1239 1649 1341 1690 rebus,
1376 1649 1587 1692 constitutis,

921 1690 1089 1723 confectis
1106 1692 1138 1723 G
1152 1693 1198 1732 vi,
1215 1695 1248 1723 6.

881 1733 1211 1806 ConflatumAbellum,
1242 1733 1385 1765 subinde
1415 1738 1528 1766 ortum
1555 1735 1588 1766 G

922 1775 994 1815 viii,
1009 1778 1039 1806 6.
1112 1779 1144 1808 1.

883 1817 1049 1858 Confluens
1064 1819 1164 1849 BIosae
1179 1822 1210 1849 et
1226 1819 1331 1850 Rheni
1346 1819 1378 1851 G
1394 1819 1441 1860 iv,
1466 1823 1518 1852 15.
1541 1819 1590 1850 lo-

924 1870 984 1891 cns
1014 1860 1072 1892 ubi
1087 1860 1274 1892 confluunt.

883 1903 1058 1943 Confugere
1072 1903 1107 1934 in
1119 1904 1222 1942 fidem
1236 1904 1367 1942 alicujus
1383 1904 1417 1935 H
1436 1908 1465 1936 1.

884 1946 1041 1985 Congredi
1055 1946 1157 1986 aliquo
1174 1946 1202 1977 C
1218 1946 1240 1985 i,
1257 1949 1310 1977 40.

884 1988 1043 2026 Conjicere
1057 1988 1194 2019 homines
1207 1988 1241 2018 in
1262 1989 1370 2028 locum,
1396 1998 1437 2019 eo
1453 1988 1592 2029 ducere,

926 2034 965 2061 ut
982 2030 1027 2061 ibi
1052 2030 1119 2062 tuti
1142 2031 1210 2062 sint
1232 2034 1268 2062 et
1288 2031 1399 2062 abditi
1423 2031 1456 2062 G
1472 2031 1510 2071 ii,
1538 2035 1591 2064 16.

927 2071 974 2104 cf.
998 2073 1042 2104 ad
1056 2073 1088 2104 G
1104 2073 1174 2113 viii,
1189 2077 1221 2104 5.
1245 2073 1302 2104 Sic
1320 2073 1351 2105 G
1369 2074 1415 2113 vi,
1430 2077 1483 2105 40.
1522 2085 1593 2105 con-

919 2115 982 2154 jici
996 2116 1029 2146 in
1044 2116 1228 2156 manipulos,
1247 2116 1401 2156 recipere
1419 2125 1454 2147 se
1471 2125 1525 2156 eo,
1553 2121 1594 2148 nt

929 2157 997 2189 sint
1014 2158 1093 2189 tuti.
1115 2158 1183 2190 Sed
1201 2159 1232 2190 G
1250 2159 1298 2199 iii,
1314 2162 1366 2190 24.
1391 2158 1595 2200 simpliciter

929 2205 996 2240 est,
1019 2201 1189 2232 collocare
1213 2201 1327 2242 aliquo
1357 2202 1446 2241 loco,
1481 2202 1594 2233 locum

928 2243 970 2274 iis
983 2243 1171 2283 adsignare.
1206 2244 1325 2282 Conjici
1345 2244 1380 2275 in
1401 2247 1522 2275 noctem
1545 2244 1596 2275 di-

931 2285 1021 2317 citur
1057 2286 1099 2325 is,
1138 2295 1239 2328 quem
1276 2291 1356 2327 post
1398 2287 1594 2317 diuturnum

930 2328 1062 2359 itineris
1086 2338 1237 2360 errorem
1272 2338 1340 2360 nox
1375 2329 1514 2360 tandem
1538 2338 1596 2369 op-

932 2371 1051 2412 primit
1073 2372 1101 2403 C
1125 2372 1173 2412 iii,
1196 2374 1249 2403 28.
1294 2371 1464 2411 conjectum
1479 2372 1512 2401 in
1527 2381 1597 2402 noc-

932 2418 995 2445 tem
1007 2414 1163 2455 praelium,
1189 2424 1229 2445 eo
1245 2423 1352 2456 usque
1369 2418 1518 2445 tractum
1540 2412 1598 2444 Af.

894 2499 1087 2540 Con-jungere
1120 2502 1239 2529 noctem
1268 2499 1342 2538 diei,
1373 2498 1417 2529 de
1453 2507 1507 2536 eo,
1539 2496 1598 2538 qui

936 2542 994 2572 diu
1030 2546 1204 2582 noctuque
1240 2541 1314 2572 sine
1351 2538 1599 2571 intermissione

936 2583 1003 2614 iter
1038 2582 1126 2614 facit
1153 2584 1180 2614 C
1208 2583 1255 2621 iii,
1282 2585 1331 2614 13.
1376 2582 1464 2621 regio
1488 2591 1599 2613 oceano

936 2626 1110 2664 conjuncta,
1137 2624 1293 2665 finitima,
1325 2624 1538 2656 contermina
1565 2624 1599 2656 G

939 2667 1010 2706 viii,
1033 2670 1085 2699 46.

899 2710 1071 2748 Conjurare
1085 2709 1126 2740 de
1150 2710 1314 2741 militibus
1338 2710 1370 2741 G
1386 2708 1445 2749 vii,
1459 2712 1490 2740 1.

900 2753 1066 2792 Conligala
1091 2756 1189 2794 scuta,
1206 2763 1280 2794 qnae
1309 2753 1494 2796 cohaerent,
1523 2751 1601 2794 quia
