1872 3104
208 156 322 198 1960
674 168 715 198 c.
746 168 785 198 J.
815 167 1030 198 cAESAms
1063 168 1196 199 vim.

208 268 283 300 τοῖς
301 265 519 310 ἀναγκαίοις
535 265 696 313 μᾶλλον,
716 265 737 308 ἢ
756 269 828 301 τοῖς
855 263 981 301 ὅπλοις
1000 267 1216 313 πολιορκῶν.
1269 263 1378 303 Οὕτω
1407 263 1447 302 δὲ
1482 280 1659 314 περισπα-

210 329 307 365 σθεὶς
320 327 352 345 ¹²
370 329 427 363 καὶ
447 329 610 365 ἀνιαθεὶς
628 329 713 374 πρὸς
732 331 797 372 τὴν
817 331 974 378 ἀπορίαν
994 332 1052 366 καὶ
1082 331 1320 380 χαλεπότητα
1351 335 1422 366 τῶν
1452 332 1657 377 παρόντων,

206 393 340 436 ἀνίστη
359 391 424 428 τὸν
445 391 613 439 στρατὸν,
630 393 688 428 ἐπὶ
708 391 892 428 Σκιπίωνα
924 394 1104 440 προάγειν
1131 396 1182 430 εἰς
1214 392 1453 430 Μακεδονίαν
1481 394 1660 441 ἐγνωκώς.

199 453 255 492 'H
274 457 346 504 γὰρ
364 457 636 492 ἐπισπάσεσθαι
657 456 721 493 τὸν
741 455 950 505 Πομπήϊον,
981 458 1072 494 ὅπου
1102 463 1282 508 μαχεῖται
1314 459 1364 506 μὴ
1388 457 1662 508 χορηγούμενος

208 519 339 568 ὁμοίως
357 519 431 555 ἀπὸ
451 527 511 562 τῆς
530 520 724 563 θαλάττης,
745 520 766 564 ἢ
785 523 1020 569 περιέσεσθαι
1038 525 1302 571 μεμονωμένου
1321 521 1531 558 Σκιπίωνος.

775 725 811 766 C
827 725 935 767 AP.
979 727 1086 769 XL.

206 825 390 866 Pompeius
416 826 572 867 sequitur
599 827 782 866 Caesarem,
807 826 901 867 cujus
928 827 1116 858 exercitum
1143 826 1223 857 belli
1253 827 1386 868 quidem
1413 829 1665 870 peritissimum,

248 880 414 911 continuis
429 890 509 911 vero
526 880 709 918 laboribus,
724 880 827 920 senio,
843 885 878 911 et
894 880 948 911 lue
963 885 1032 911 tum
1046 880 1226 921 ingruente
1244 881 1314 912 sine
1333 881 1451 922 praelio
1465 881 1662 912 dissolutum

248 933 290 963 iri
304 938 432 973 sperat.

257 1036 377 1074 Τοῦτο
396 1038 462 1081 τὴν
480 1035 681 1087 Πομπηΐου
701 1037 876 1084 στρατιὰν
896 1036 1016 1088 ἐπῇρε,
1038 1037 1096 1072 καὶ
1115 1037 1196 1072 τοὺς
1216 1038 1294 1084 περὶ
1314 1037 1426 1073 αὑτὸν
1446 1038 1661 1086 ἡγεμόνας,ι

207 1105 253 1138 ὡς
272 1102 473 1150 ἡττημένου
492 1102 551 1137 καὶ
566 1103 763 1150 φεύγοντος
783 1101 937 1151 ἔχεσθαι
958 1099 1162 1148 Καίσαρος.
1217 1099 1339 1137 Αὐτὸς
1362 1101 1432 1150 μὲν
1461 1103 1534 1149 γὰρ
1553 1103 1665 1138 εὐλα-

204 1163 280 1212 βῶς
299 1163 383 1215 εἶχε
403 1162 598 1212 Πομπήιος
615 1164 821 1214 ιἰναρῤίψαι
853 1167 920 1210 τὴν
946 1168 1074 1215 μάχην
1097 1166 1178 1213 περὶ
1213 1167 1446 1209 τηλικούτων,
1466 1167 1524 1201 καὶ
1552 1179 1663 1213 παρε·

207 1232 455 1277 σκευασμένος
475 1229 607 1276 ἄριστα
626 1232 720 1264 πᾶσι
739 1228 825 1277 πρὸς
839 1228 903 1265 τὸν
920 1229 1091 1278 χρόιόνῇ
1111 1232 1209 1273 ἠξίου
1228 1227 1370 1277 τρίβειν
1390 1230 1448 1265 καὶ
1468 1232 1666 1278 μαραίνειν

205 1294 273 1337 τὴν
288 1299 360 1328 τῶν
380 1294 569 1341 πολεμίων
589 1293 709 1340 ἀκμὴν
733 1291 923 1342 βραχεῖαν
951 1289 1082 1329 οὖσαν.
1136 1291 1190 1328 Τὸ
1212 1296 1284 1340 γάρ
1316 1306 1370 1328 τοι
1398 1293 1667 1342 μαχιμώτατον

205 1361 267 1399 τῆς
299 1355 491 1404 Καίσαρος
520 1354 706 1404 δυνάμεως
734 1356 928 1404 ἐμπειρίαν
947 1356 1017 1404 μὲν
1036 1353 1118 1406 εἶχε
1151 1357 1210 1392 καὶ
1242 1357 1388 1405 τόλμαν
1407 1357 1666 1393 ἀνυπόστατον

206 1418 293 1468 πρὸς
313 1417 392 1456 τούς
411 1420 574 1466 ἀγῶνας,
605 1419 646 1455 ἐν
674 1416 713 1455 δὲ
732 1423 811 1456 ταῖς
829 1419 991 1456 πλάναις
1010 1421 1068 1455 καὶ
1099 1424 1178 1456 ταῖς
1198 1417 1495 1466 στρατοπεδείαις
1515 1421 1573 1455 καὶ
1593 1434 1666 1456 ret·

205 1488 461 1534 χομαχοῦντες
493 1485 551 1520 καὶ
590 1488 907 1532 νυκτεγερτοῦντες
938 1485 1138 1534 ἐξέκαμνον
1153 1482 1165 1504 ³
1197 1483 1268 1520 ὑπὸ
1289 1487 1418 1531 γήρως,
1446 1485 1504 1520 καὶ
1537 1483 1668 1531 βαρεῖς

205 1545 304 1591 ἦσαν
319 1552 392 1584 τοῖς
412 1548 558 1596 σώμασι
577 1547 664 1595 πρὸς
677 1545 756 1584 τούς
774 1548 919 1592 πόνους,
941 1545 983 1584 δι’
1002 1549 1204 1584 ἀσθενείαν
1227 1547 1537 1594 ἐγκαταλιπόντες
1551 1546 1568 1566 ⁴
1601 1549 1667 1591 τὴν

206 1612 429 1660 προθυμίαν.
480 1609 576 1647 Τότε
605 1608 646 1646 δὲ
666 1613 726 1646 καί
747 1626 779 1647 τι
801 1612 944 1658 νόσημα
960 1609 1138 1660 λοιμῶδες
1158 1612 1309 1661 ἐλέχθη,
1337 1614 1403 1656 τὴν
1423 1612 1583 1647 ἀτοπίαν
1605 1616 1667 1654 τῆς

207 1672 346 1719 διαίτης
373 1674 625 1724 ποιησάμενον
642 1676 777 1724 ἀρχὴν,
808 1675 849 1710 ἐν
877 1678 919 1728 τῇ
941 1678 1092 1724 στρατιᾷ
1122 1676 1380 1726 περιφέρεσθαι
1399 1677 1442 1728 τῇ
1461 1673 1665 1722 Καίσαρος.

207 1736 285 1774 Καὶ
303 1737 344 1775 τὸ
367 1742 562 1787 μέγιστον,
583 1738 666 1775 οὔτε
683 1740 874 1789 χρήμασιν
893 1739 1109 1789 ἐρρωμένος,
1128 1740 1212 1777 οὔτε
1230 1747 1357 1790 τροφῆς
1387 1739 1561 1787 εὐπορῶν,
1581 1738 1668 1789 >005⁴

208 1816 272 1838 rou
291 1800 455 1853 βραχέος
474 1800 591 1839 ἐδόκει.
611 1803 693 1851 περὶ
711 1803 808 1854 αὐτῷ
824 1805 835 1825 ⁵
858 1804 1194 1846 καταλυθήσεσθαι.

865 1928 1011 1960 NOTAE

251 2007 291 2036 12
328 2005 564 2045 Περισπασθεὶς]
600 2005 753 2037 Praefero
783 2007 911 2048 Bryani

207 2056 463 2097 conjecturam:
487 2055 664 2097 περιπαθής.

252 2161 267 2188 1
291 2156 478 2197 Ἠγεμόνας]
502 2158 557 2189 De
573 2167 714 2199 quorum
732 2159 910 2191 sententiis

207 2207 310 2239 adeas
327 2207 439 2238 Vitam
458 2207 581 2248 Pomp.
596 2218 626 2239 c.
642 2211 684 2239 66

249 2260 269 2289 2
293 2257 372 2297 Πρὸς
398 2257 455 2288 τὸν
480 2257 606 2299 χρόνον]
630 2259 721 2290 Nihil
747 2269 830 2300 opus
857 2264 910 2290 est

207 2308 445 2339 emendatione
461 2309 643 2340 Reiskiana
657 2320 663 2339 :
688 2308 763 2350 πρὸς
780 2308 836 2339 τὸν
852 2309 909 2347 μά-

206 2370 278 2397 κρον
293 2357 417 2398 χρόνον,
440 2359 472 2390 Ιι.
490 2369 520 2390 e.
544 2359 587 2390 ad
610 2358 801 2391 ducendum
817 2360 910 2400 (pro-

209 2408 398 2449 latandum)
415 2409 552 2440 beilum.

250 2460 268 2490 3
289 2458 488 2500 Ἐξέκαμνον]
504 2461 717 2491 Contrarium
735 2460 834 2501 plane
854 2470 909 2501 pa-

963 2007 1029 2038 lam
1054 2007 1213 2038 fecerunt
1240 2007 1274 2038 in
1301 2006 1477 2038 obsidione
1509 2007 1667 2048 Pompeii

963 2062 998 2088 et
1013 2057 1128 2097 praelio
1145 2057 1242 2088 modo
1255 2057 1436 2098 descripto.

1006 2112 1025 2139 4
1057 2107 1247 2147 Ἐγκαταλ]
1286 2108 1491 2140 Necessaria
1518 2118 1584 2140 non
1613 2113 1668 2141 est

963 2158 1154 2189 emendatio
1170 2158 1368 2197 Reiskiana,
1383 2158 1465 2190 licet
1483 2158 1589 2199 possit
1611 2159 1668 2191 de·

963 2207 1068 2248 feudi,
1081 2208 1343 2247 ἐγκαταλιπέντες
1354 2209 1384 2240 ἐς
1395 2209 1453 2246 ’τὴν
1461 2212 1548 2250 προθ.
1567 2219 1667 2250 prop-

965 2265 1018 2290 ter
1034 2260 1250 2301 infirmitatem
1264 2260 1411 2292 destituti
1421 2261 1542 2291 ratione
1557 2259 1667 2291 alacri·

965 2311 1056 2341 tntis:
1094 2311 1125 2342 ἐς
1160 2316 1232 2342 tum
1260 2311 1348 2352 aeqni
1375 2312 1482 2352 pollet
1505 2311 1668 2352 praeposi-

966 2361 1047 2391 tioni
1065 2360 1156 2392 κατά.

1010 2416 1023 2426 p

1007 2425 1024 2442 ο
1052 2412 1122 2451 Περὶ
1137 2411 1232 2451 αὑτῷ]
1255 2413 1320 2443 Sua
1337 2416 1472 2452 sponte.
