1872 3104
275 183 368 224 xliv

296 286 467 318 C1assicnm
492 286 525 317 in
550 297 585 318 re
602 286 742 318 militari
767 290 819 317 est
848 286 992 327 signum,

313 329 405 371 quod
437 329 520 360 tuba
548 330 648 360 (latur
678 334 736 360 aut
766 338 885 368 cornu,
908 339 973 359 11011

310 381 445 412 semper
461 373 570 412 praelii
587 372 834 409 committendi,
863 372 922 402 sed
940 376 975 403 et

314 415 456 445 aliorum
487 415 711 454 negotiorum.
759 414 828 445 Ubi
861 419 975 445 autem

314 457 428 494 datur,
444 456 489 487 ibi
507 466 644 487 necesse
663 461 717 487 est
734 457 975 496 imperatorem

317 502 524 538 pram-entem
541 508 615 529 esse
631 510 637 529 :
663 506 715 530 est
732 500 819 530 euim
844 500 976 539 signum

318 540 453 579 imperii
483 541 509 571 C
540 540 588 581 iii,
618 544 670 571 82.
716 542 837 582 Veget.
870 543 912 573 (le
941 552 975 573 re

325 583 394 612 mil.
412 581 447 620 ii,
463 584 518 613 22.

279 625 454 654 Claudere:
490 624 572 654 acies
607 624 763 655 clauditur
785 626 905 666 oppido,
942 626 978 657 fi-

316 666 410 696 nitur
439 676 546 706 prope
563 676 687 705 muros,
703 676 769 697 non
799 672 912 708 potest
931 669 979 698 ul-

321 709 428 739 terius
440 708 592 747 extendi,
606 709 803 750 tegiturque
815 719 909 741 muro
923 710 979 741 Af.

316 753 370 782 59.
430 751 554 791 Veget.
584 751 627 782 de
645 761 671 781 r.
702 761 746 782 m.
779 751 828 790 iii,
845 755 874 783 6.
923 753 980 782 im-

314 793 493 833 pedimenta
523 804 542 824 a
572 794 721 824 lateribus
747 794 887 825 claudere
915 794 981 835 (tc-

319 835 417 877 gere)
432 846 525 867 manu
539 840 742 868 armatorum.

283 878 456 910 Clementer
467 879 522 918 jue
543 880 657 919 dicere,
686 879 856 910 levissime
881 880 908 911 C
932 879 982 917 iii,

319 923 372 953 20.
427 922 599 962 clementia,
651 923 773 953 lenitas
812 922 983 962 punientis

327 963 360 994 G
378 963 401 994 ii
433 967 483 995 14.

280 988 415 1037 clienss
444 1007 528 1038 Cum
545 1007 642 1038 multi
657 1006 809 1039 homines
822 1007 856 1038 in
871 1008 983 1039 Gallia

322 1048 467 1079 clientes
483 1050 580 1080 unius
594 1049 768 1089 dicuntur,
781 1055 859 1081 sunt
872 1050 984 1090 iidem,

322 1090 378 1130 qui
393 1090 459 1121 alio
490 1092 626 1122 nomine
655 1092 817 1131 ambacti,
845 1097 881 1123 et
919 1094 984 1124 sol-

323 1132 412 1163 durii
428 1134 648 1174 appellantur
660 1133 691 1164 G
707 1134 752 1172 vi,
770 1138 821 1165 15.
868 1134 984 1176 Atque

323 1174 384 1206 hos
401 1176 503 1207 etiam
530 1176 620 1216 Gvi,
636 1179 688 1208 19.
714 1182 798 1217 puto
825 1177 984 1218 intelligi.

323 1217 392 1248 Sed
421 1228 498 1249 cum
515 1219 658 1260 integrae
676 1224 796 1259 gentes
823 1220 986 1251 dicuntur

323 1260 466 1292 alterius
477 1262 589 1301 gentis
602 1262 758 1301 clientes,
772 1263 986 1303 intelligendi

324 1307 404 1334 sunt
427 1304 522 1342 socii,
539 1309 575 1335 et
588 1305 645 1345 qni
671 1305 732 1336 sub
751 1305 890 1335 alterius
907 1315 987 1345 gen-

324 1345 368 1375 tis
393 1345 536 1386 imperio
565 1352 645 1377 sunt
671 1347 702 1377 G
720 1357 751 1387 v,
767 1350 819 1378 39.
865 1349 921 1388 qui
954 1348 988 1378 in

327 1387 399 1427 ejus
415 1387 482 1419 fide
505 1393 584 1420 sunt
602 1389 634 1420 G
650 1389 694 1429 vi,
710 1393 742 1421 4.
787 1399 822 1420 se
849 1390 890 1421 ad
908 1390 988 1421 ami-

325 1430 443 1461 citiam
472 1431 546 1471 ejus
571 1437 802 1473 aggregarunt
826 1432 857 1464 G
875 1433 919 1473 vi,
936 1436 988 1465 12.

327 1471 381 1503 Cf.
407 1473 551 1505 invicem
579 1475 610 1506 G
624 1475 648 1513 i,
664 1478 717 1514 31,
732 1480 767 1506 et
784 1475 827 1514 vi,
842 1478 894 1506 12.
932 1476 989 1506 ubi

326 1515 446 1546 eadem
472 1526 526 1547 res
549 1517 769 1548 describitur.
817 1518 909 1549 Hinc
936 1519 990 1548 cli-

327 1559 436 1588 cntelae
463 1558 648 1590 AEduorum
679 1560 712 1591 G
742 1560 788 1598 vi,
814 1562 865 1591 12.
911 1565 990 1591 suut

328 1600 412 1631 socii
431 1610 559 1632 corum.

288 1642 404 1673 Coacta
419 1644 549 1683 alicujus
563 1643 680 1684 aliquid
687 1643 796 1682 facere
827 1643 858 1675 G
883 1654 914 1684 v,
930 1647 985 1675 27.

287 1685 437 1715 Coactum
466 1685 593 1726 (opus),
624 1695 642 1716 c
670 1686 746 1716 lana
787 1690 846 1716 aut
877 1687 990 1726 potius

327 1727 419 1766 pilis,
449 1732 524 1758 arte
555 1727 707 1758 densatis
737 1726 773 1758 τὸ
801 1728 935 1764 πιλητὸν
963 1729 991 1761 C

328 1769 376 1808 iii,
391 1771 444 1800 44.
469 1770 668 1811 (Matratzen
682 1780 740 1801 von
757 1770 916 1813 Haarmz.)

290 1812 517 1851 Coagmentum
531 1812 669 1853 lapidum
687 1813 713 1844 C
730 1813 780 1852 iii,
796 1816 870 1844 105.

293 1855 424 1894 Cogere,
445 1865 657 1897 congregare
670 1855 701 1888 G
716 1855 751 1896 ii,
767 1860 799 1887 5.
843 1866 936 1888 naves
960 1857 992 1888 G

329 1897 380 1936 iii,
397 1900 428 1928 9.
474 1899 590 1929 milites
613 1899 646 1930 G
673 1898 696 1938 i,
718 1903 750 1930 5.
797 1899 888 1939 quod
913 1899 946 1931 G
970 1899 993 1940 i,

331 1941 364 1969 4.
389 1943 443 1969 est
458 1941 631 1971 conducere.

292 1981 443 2021 Cognilus
455 1982 572 2013 virtute
589 1983 620 2013 G
638 1982 661 2021 i,
674 1985 728 2013 28.

293 2024 487 2063 Cognoscere
510 2025 583 2064 iter,
609 2025 651 2055 de
669 2025 943 2066 exploratoribus
963 2027 993 2057 G

333 2066 357 2106 i,
384 2070 434 2098 21.
483 2067 709 2098 controversias
741 2067 783 2098 (le
812 2078 993 2108 proconsu-

331 2109 371 2140 lis
388 2109 632 2150 jurisdictione
647 2111 678 2142 G
698 2110 767 2150 viii,
781 2114 835 2142 46.

291 2151 408 2182 Cohors
440 2153 608 2191 Prtetoria,
638 2163 736 2194 quam
770 2154 874 2186 veluti
903 2164 995 2186 suam

333 2193 396 2225 sibi
423 2194 552 2235 delegit
577 2196 723 2234 Praetor,
750 2195 770 2226 i.
787 2205 817 2227 e.
846 2207 995 2228 summus

334 2236 416 2276 dux,
434 2242 472 2268 ut
489 2238 643 2278 proxima
659 2239 690 2270 ei
708 2239 750 2269 sit
765 2239 796 2270 G
813 2239 836 2279 i,
848 2242 900 2271 40.
926 2240 996 2271 Res

334 2280 493 2320 exemplo
523 2281 715 2312 illustratur
741 2281 771 2312 G
802 2281 823 2320 i,
850 2285 902 2314 42.
944 2281 996 2314 Cf.

334 2322 408 2354 Liv.
442 2323 476 2360 ii,
508 2326 560 2354 20.
607 2324 756 2355 Dictator
786 2325 904 2355 cohorti
933 2335 997 2355 suoe

334 2374 426 2405 quam
442 2366 589 2396 delectam
604 2377 729 2397 manum
750 2367 892 2407 proesidii
907 2377 998 2398 causa

334 2407 419 2438 circa
433 2408 623 2448 se'habebat,
639 2410 694 2440 dat
709 2410 845 2447 signum.
883 2411 998 2440 Cohors

334 2449 519 2491 legionario,
534 2462 610 2493 quae
624 2451 797 2493 peditibus
813 2456 950 2484 constat
967 2453 998 2484 G

337 2492 386 2532 iii,
403 2496 454 2525 ll.

301 2535 445 2576 Collatia,
457 2538 667 2578 comparatio
685 2537 715 2569 G
732 2538 801 2576 viii,
813 2541 843 2568 S.

300 2578 437 2610 Collatus
451 2580 666 2621 (armorum),
683 2581 755 2621 ipsa
768 2590 881 2621 pugna
898 2580 932 2612 H
945 2584 997 2612 31.

299 2620 453 2653 collocare
468 2623 561 2654 alicui
577 2624 735 2655 mulierem
752 2623 780 2654 (3
800 2624 821 2663 i,
839 2627 889 2655 18.
924 2634 1000 2664 nup-

338 2666 403 2694 tum
416 2667 563 2696 collocare
592 2667 674 2698 ibid.
695 2666 769 2698 Rem
783 2667 885 2697 colloc.
904 2667 935 2698 G
953 2666 1002 2706 iii,

343 2708 373 2735 4.
397 2707 467 2738 vid'.
485 2713 555 2740 not.

307 2746 459 2781 t'olonicoe
475 2751 628 2783 cohortes:
646 2752 711 2783 vid.
730 2752 770 2783 ad
789 2753 815 2784 C
831 2752 868 2793 ii,
881 2755 933 2784 19.
957 2751 1001 2783 cf.

915 193 1071 223 {Nola-x

1031 329 1164 360 Colonus
1179 328 1207 360 C
1223 328 1245 369 i,
1261 331 1314 360 34.
1362 329 1424 360 Est
1439 329 1539 361 homo
1555 328 1654 369 liber,
1670 332 1725 363 cui

1069 371 1225 402 domiuus
1252 371 1347 402 fundi
1378 372 1524 413 aliquam
1553 373 1603 403 5111
1631 372 1727 405 fundi

1070 419 1204 454 partem
1221 413 1400 445 colendam
1429 415 1587 446 mercede
1604 416 1727 448 elocat.

1072 455 1124 487 Cf.
1155 456 1223 495 Gi,
1237 459 1289 487 56.
1335 456 1392 487 ubi
1422 458 1534 488 coloni
1561 463 1729 498 pastores-

1071 508 1135 539 que
1154 497 1313 529 dicuntur
1327 499 1548 540 conjunctim,
1564 501 1629 532 etsi
1655 510 1730 541 pas-

1071 546 1163 572 tores
1180 546 1258 572 sunt
1275 541 1375 572 servi.
1394 541 1438 573 cf.
1453 552 1483 573 c.
1502 546 1555 573 57.

1031 584 1263 614 Columnarium
1280 585 1307 615 C
1326 583 1374 623 iii,
1391 586 1443 614 32.

1031 627 1216 664 Comitatus,
1232 627 1297 657 ciue
1323 627 1349 656 C
1351 636 1496 665 aramue,
1521 627 1548 658 C
1563 627 1585 666 i,
1601 630 1653 665 48,
1677 630 1730 664 51,

1072 672 1125 699 54.
1170 669 1225 700 Sic
1257 669 1346 700 verti
1379 674 1492 709 potest
1508 668 1527 706 ἡ
1548 669 1672 700 aureola
1699 670 1733 700 111

1074 720 1196 750 evang.
1213 711 1297 742 Luc.
1322 712 1356 749 ii,
1371 714 1423 742 44.

1033 753 1208 783 Comitialis
1221 753 1288 784 dies
1305 753 1332 784 C
1349 754 1373 792 i,
1386 759 1418 785 5.

1034 795 1225 834 Commeare,
1242 796 1291 826 ire
1308 800 1344 826 et
1360 796 1470 827 redire
1489 796 1521 827 G
1538 797 1596 837 vii,
1612 799 1666 828 36.
1690 796 1733 828 de

1075 837 1321 868 mercatoribus
1342 837 1374 868 G
1388 838 1410 877 i,
1425 841 1455 868 1.

1035 879 1419 919 Commealus,significat
1435 879 1606 911 interdum
1622 890 1737 912 omnes

1076 931 1148 961 eos,
1179 922 1236 963 qui
1275 932 1341 953 una
1372 927 1501 962 meant,
1531 928 1737 962 commeant,

1077 969 1137 995 aut
1167 965 1224 1005 qui
1242 975 1308 996 una
1335 965 1478 996 navibus
1509 969 1740 1006 transportan-

1078 1011 1134 1037 tur
1156 1008 1226 1047 (ein
1242 1007 1444 1049 Transport)
1468 1008 1499 1039 G
1517 1018 1548 1048 v,
1564 1011 1617 1040 23.
1640 1007 1671 1039 Α
1685 1010 1739 1038 25.

1078 1048 1136 1081 Af.
1153 1053 1184 1080 8.
1217 1049 1274 1081 ubi
1294 1052 1442 1081 secundus
1457 1054 1642 1081 commeatus
1658 1050 1739 1081 dici-

1078 1095 1147 1130 tur,
1172 1091 1226 1124 Af.
1251 1096 1303 1132 31,
1326 1096 1380 1133 34,
1397 1096 1451 1131 37,
1478 1096 1530 1124 44.
1553 1096 1741 1124 commeatus

1078 1136 1185 1173 (latus,
1202 1136 1303 1166 venia
1319 1136 1482 1166 absentius
1511 1134 1569 1166 Af.
1581 1139 1633 1166 77.

1038 1177 1229 1208 Commium-i
1246 1177 1301 1209 Af.
1319 1181 1373 1209 71.

1039 1219 1217 1250 Comminus
1241 1229 1265 1250 s.
1288 1220 1434 1259 cominus,
1466 1230 1484 1251 c
1503 1220 1691 1261 propinquo
1709 1221 1737 1250 G

1081 1262 1104 1300 i,
1120 1264 1172 1294 52.
1218 1263 1343 1302 Veget.
1362 1263 1404 1293 (le
1431 1272 1458 1292 r.
1481 1272 1524 1294 111.
1541 1263 1590 1302 iii,
1605 1265 1657 1294 23.
1686 1273 1743 1294 ex-

1081 1304 1202 1344 plicat,
1217 1315 1308 1335 mama
1324 1306 1363 1335 all
1377 1315 1513 1336 manum.

1041 1347 1233 1377 Commirari
1250 1347 1307 1379 Af.
1331 1350 1382 1378 35.

1041 1390 1207 1419 Commode
1227 1400 1379 1430 pugnare,
1406 1390 1478 1421 sine
1500 1389 1745 1430 impedimento

1085 1431 1116 1463 G
1135 1431 1159 1471 i,
1174 1434 1228 1463 25.

1043 1474 1223 1505 Communis
1238 1475 1287 1504 lex
1304 1474 1335 1505 G
1354 1484 1387 1513 v,
1404 1477 1455 1505 56.

1043 1517 1240 1556 Comparatio
1270 1527 1393 1556 puguoe,
1432 1520 1628 1557 apparatus,
1662 1526 1747 1557 prae-

1086 1559 1218 1598 paratio
1247 1558 1304 1590 Af.
1336 1562 1387 1590 35.
1412 1559 1489 1590 Liv.
1521 1560 1544 1598 i,
1576 1562 1628 1591 36.
1688 1560 1745 1591 Sic

1077 1600 1193 1639 sugam
1223 1611 1413 1642 comparare,
1445 1611 1612 1642 apparare
1641 1603 1673 1634 G
1702 1602 1749 1643 iv,

1088 1646 1142 1674 1⁸.
1293 1644 1297 1647 “

1045 1685 1279 1726 Compendium,
1295 1686 1427 1717 lucrum
1454 1686 1487 1718 G
1504 1686 1563 1726 vii,
1577 1689 1631 1718 43.
1656 1687 1684 1719 C
1701 1686 1754 1727 iii,

1045 1769 1216 1810 Complecti
1244 1772 1341 1812 locum
1377 1770 1524 1813 (opere),
1550 1771 1749 1803 circummu-

1086 1812 1159 1843 nire
1191 1813 1220 1844 G
1254 1814 1312 1854 vii,
1336 1817 1388 1845 72.
1421 1815 1448 1845 C
1473 1814 1522 1854 iii,
1551 1817 1623 1845 112.
1669 1825 1749 1846 com-

1083 1856 1193 1895 plexus
1221 1857 1286 1887 loca
1313 1857 1493 1897 prcemunit,
1523 1856 1701 1895 ambitum,
1724 1867 1750 1888 5.

1090 1898 1252 1938 spatium,
1265 1899 1298 1929 in
1315 1909 1382 1941 quo
1400 1904 1478 1930 sunt
1504 1899 1562 1930 illa
1578 1899 1664 1939 loca,
1678 1909 1751 1930 mu-

1087 1941 1150 1972 nit.
1195 1941 1252 1972 Sic
1268 1942 1427 1981 complecti
1442 1943 1531 1972 colles
1555 1940 1612 1972 Af.
1632 1945 1683 1972 14.

1048 1982 1224 2022 Complere:
1239 1984 1287 2014 his
1296 1984 1387 2014 rebus
1399 1983 1569 2023 completis,
1583 1983 1748 2024 perfectis

1092 2024 1119 2055 C
1137 2025 1186 2064 iii,
1202 2028 1255 2056 46.

1048 2067 1250 2107 Complexus:
1272 2068 1303 2098 in
1336 2070 1525 2108 complexum
1550 2069 1678 2108 alicujus
1702 2079 1750 2101 te-

1090 2109 1159 2141 nire
1176 2110 1203 2142 C
1220 2111 1269 2150 iii,
1285 2114 1317 2141 8.
1343 2111 1412 2141 vid.
1428 2116 1497 2142 not.

1048 2152 1238 2192 Complures,
1252 2153 1348 2184 multi
1364 2153 1432 2193 Gi,
1452 2157 1503 2185 18.
1529 2153 1565 2193 ii,
1581 2157 1634 2186 17.
1658 2154 1704 2195 iv,
1718 2158 1750 2186 4.

1088 2195 1145 2226 Sic
1163 2195 1282 2227 differt
1300 2206 1319 2227 a
1335 2195 1440 2226 verbo
1453 2197 1568 2236 plures.

1048 2237 1234 2277 Compositio
1251 2239 1530 2270 controversiarum
1547 2239 1574 2271 C
1588 2239 1613 2279 i,
1626 2242 1681 2280 26,
1698 2242 1751 2271 32.

1094 2280 1122 2311 C
1138 2280 1188 2320 iii,
1214 2284 1334 2320 15,17.

1049 2323 1311 2364 Comprehendere
1332 2324 1446 2364 ignem,
1472 2324 1515 2355 de
1530 2324 1694 2356 stramine
1717 2324 1751 2355 G

1091 2376 1123 2405 v,
1147 2369 1200 2398 43.
1245 2367 1495 2407 comprehendere
1517 2367 1662 2408 aliquem,
1676 2367 1749 2407 ejus

1091 2418 1225 2482 rganum
1249 2409 1460 2450 prehendere
1487 2409 1626 2450 rogandi
1650 2418 1749 2442 causa

1145 2462 1176 2491 v,
1194 2455 1247 2483 31.

1052 2494 1261 2534 comprimere
1289 2496 1439 2536 lacrymas
1465 2494 1607 2534 alicujux,
1633 2502 1749 2524 conso-

1093 2536 1194 2568 lando
1218 2537 1249 2568 A
1275 2540 1328 2570 24.

1053 2579 1185 2620 Conala,
1201 2591 1287 2611 orum
1304 2580 1335 2612 G
1351 2581 1372 2620 i,
1385 2584 1416 2612 3.

1052 2622 1223 2654 Concedere
1252 2623 1375 2662 sactum
1412 2621 1576 2662 beneficiis,
1620 2620 1750 2651 veniam

1095 2664 1177 2697 facti
1192 2667 1274 2698 dare
1292 2669 1432 2706 propter
1445 2663 1609 2695 beni-ficia
1628 2662 1656 2695 A
1673 2666 1726 2694 66.

1055 2708 1250 2747 Foncerlare,
1266 2713 1396 2739 certare
1417 2707 1446 2738 G
1466 2706 1509 2743 vi,
1525 2709 1555 2736 5.

1055 2750 1203 2783 Concessa
1224 2750 1349 2787 alicujus
1365 2749 1395 2781 G
1415 2748 1470 2784 vii,
1485 2751 1535 2779 20.
