1872 3104
681 215 721 241 e.
743 210 874 242 ,ιυιιι
908 209 1136 239 cAESAmS.
1523 201 1627 243 5208]

195 320 291 359 1317
322 311 589 352 Commentarii
620 310 659 347 di
692 312 736 348 C.
756 311 834 348 Jul.
855 310 1010 354 Cesare,
1039 307 1197 346 tradotti
1219 308 1254 344 in
1276 307 1428 357 volgare
1450 322 1516 357 per
1539 315 1636 354 χρυ-

241 379 337 414 atino
357 375 491 413 Ortica
511 373 607 410 della
628 374 742 410 Poita
763 374 1022 410 Genoxesffi-
1038 373 1079 408 ln
1111 371 1205 411 fine:
1240 376 1248 391 ‘
1267 373 1469 420 Stunipnto
1501 374 1535 409 in
1568 377 1638 412 Vo-

241 441 341 477 netia
373 451 442 488 per
471 438 618 486 Jacopo
651 438 790 486 penzio
824 437 874 473 da
909 436 1039 473 Lecho
1071 436 1132 472 nel
1168 446 1214 470 M.
1239 446 1389 473 ccccc.
1427 447 1540 472 xvu.
1572 439 1634 474 wli

243 513 331 538 1111.
351 501 400 538 de
420 501 608 538 Fen-aro!
629 508 665 537 ὅ.

188 586 238 593 --
267 563 424 606 Eadem,
444 563 537 600 ibid.
561 576 628 612 per
649 562 923 599 Bernardinum
945 563 991 598 (1(Α
1014 562 1216 600 vitalibus.
1239 570 1275 600 4.

191 633 286 663 1518
318 627 475 670 Eadem,
500 627 722 663 Mediolani.
743 633 779 663 4,
803 627 880 662 ¹sine
903 626 1054 662 nominc
1075 634 1225 676 typogr.

184 711 237 718 -—
264 689 420 732 Eadem,
445 690 624 726 Venetiis.
646 696 683 725 4.
706 702 774 738 per
795 689 995 726 Girolunio
1019 690 1217 738 foglietta.

183 773 233 782 —
263 752 523 800 Commentarj
558 753 597 788 (li
624 753 754 789 Giulio
778 754 930 798 Ces-are,
953 753 1110 790 tradotti
1133 754 1169 790 di
1195 754 1328 790 Latino
1350 754 1384 790 in
1407 754 1534 802 lingua
1559 756 1642 792 Fio-

237 818 384 854 rentina
405 830 473 866 per
506 818 633 854 Dante
655 817 1002 866 Popolesclii.—ln
1024 817 1119 854 fine:
1152 823 1161 837 ‘
1181 817 1272 854 Fine
1292 817 1351 853 de’
1379 818 1639 868 Comnientarj

238 881 277 917 di
297 881 436 918 Cesare
457 881 557 918 della
577 882 727 917 Guerra
748 881 902 917 Gallica
921 881 1093 929 impressi
1115 881 1150 916 in
1173 881 1330 917 Firenze
1361 893 1427 929 per
1447 883 1642 919 (nox-anni

240 945 398 982 Stesano
431 943 480 981 da
514 943 630 980 Pavia
660 944 747 980 nell’
776 957 875 980 anno
896 942 996 979 della
1018 942 1211 979 salutifera
1232 944 1501 981 Incarnatione
1527 951 1641 983 1518.

235 1008 302 1045 adi
321 1013 357 1045 3.
377 1007 418 1044 di
437 1007 604 1044 Ottobre
624 1013 804 1056 regnante
826 1007 951 1043 Leone
973 1006 1021 1042 X.
1042 1006 1156 1042 Pont.
1179 1006 1315 1043 Mass!
1330 1013 1367 1044 4.

190 1078 289 1111 15‘20
317 1071 592 1109 commentarii
624 1070 663 1107 di
697 1071 742 1107 C.
766 1069 897 1107 Giulio
916 1071 1068 1114 Cesare,
1090 1069 1246 1107 tradotti
1268 1083 1333 1119 per
1364 1072 1553 1120 Agostino
1574 1074 1645 1111 Ur-

241 1136 325 1180 ticn‚
347 1136 469 1186 prima
487 1141 526 1172 et
547 1135 640 1171 hora
657 1140 909 1172 nuovamente
929 1133 1134 1183 recogniti:
1164 1140 1202 1170 et
1227 1133 1291 1182 piu
1312 1132 1446 1170 adorni
1465 1134 1551 1173 satti
1571 1150 1645 1174 con

236 1201 273 1238 la
292 1199 446 1237 Tabula
479 1198 740 1249 geographica
772 1196 811 1233 di
846 1196 1017 1240 Francia,
1053 1210 1072 1233 e
1093 1196 1140 1233 de
1163 1197 1340 1246 lspagna,
1361 1211 1381 1234 e
1402 1198 1500 1235 colla
1521 1198 1644 1249 figura

239 1263 288 1301 de
307 1264 399 1301 altre
419 1263 542 1300 cittati
569 1276 589 1299 e
608 1261 762 1299 castelle
782 1260 1180 1309 meravigliosamente
1201 1266 1382 1297 annotate
1403 1260 1466 1298 dal
1486 1261 1641 1300 dottiss.

238 1325 583 1376 Joannijoeondo,
616 1313 950 1362 collidocunienti
975 1322 1015 1359 (li
1046 1336 1132 1360 esso
1162 1323 1321 1361 tradotti
1352 1325 1422 1361 che
1457 1324 1494 1361 in
1515 1325 1645 1363 ¹alcuni

238 1391 325 1428 altri
362 1389 534 1439 impressi
573 1388 726 1426 sinhora
762 1400 813 1424 no
852 1399 945 1424 sono
985 1386 1088 1424 stati.
1151 1386 1229 1430 Qui
1263 1387 1298 1423 vi
1327 1387 1356 1424 si
1385 1394 1646 1439 contengono.

237 1453 350 1492 Della
369 1466 504 1503 guerra
522 1453 561 1489 di
581 1452 724 1489 francia
743 1451 812 1488 lib.
834 1460 937 1488 VIII.
968 1450 1077 1487 Della
1104 1463 1240 1500 guerra
1273 1450 1383 1488 civile
1405 1452 1646 1502 Pompejana

196 1550 199 1553 .
239 1517 306 1555 lib.
331 1528 422 1555 IIII.
442 1517 532 1567 (leg.
556 1518 645 1563 ΙΙΙ.)
675 1516 787 1552 Della
807 1527 942 1564 guerra
960 1514 1234 1551 Alessandrina
1254 1514 1320 1551 lib.
1340 1525 1371 1551 1.
1403 1515 1516 1553 Della
1535 1529 1648 1565 guer-

239 1593 281 1618 ra
312 1580 494 1618 Africana
526 1579 592 1617 lib.
616 1590 645 1617 1.
694 1578 808 1615 Della
841 1590 976 1627 guerra
1009 1576 1058 1614 de
1091 1578 1257 1627 Ispagna
1289 1577 1357 1615 lib.
1381 1588 1411 1615 I.
1470 1579 1581 1616 Oltra
1607 1580 1647 1617 di

239 1651 377 1694 questo
395 1643 703 1693 piacevolissimo
723 1644 858 1681 lettore
877 1654 916 1679 se
937 1641 1131 1688 intendere
1151 1641 1276 1679 vorrai
1309 1642 1334 1678 li
1367 1642 1470 1679 nonii
1499 1643 1545 1680 de
1565 1643 1649 1681 luo-

241 1707 321 1759 ghi,
354 1714 393 1745 et
422 1707 559 1752 cittati‚
587 1707 757 1751 castelle,
790 1720 810 1744 e
845 1706 981 1755 populi
1013 1705 1054 1742 di
1090 1706 1263 1750 Francia,
1285 1705 1325 1742 di
1346 1707 1518 1756 lspagna,
1539 1715 1577 1745 et
1597 1707 1647 1746 de

242 1771 353 1809 molti
371 1771 458 1808 altri
476 1771 595 1821 paesi,
626 1771 698 1808 che
721 1771 752 1807 si
782 1777 1027 1820 contengono
1047 1770 1135 1807 nelli
1155 1770 1416 1815 commentari,
1449 1784 1559 1808 corne
1589 1771 1651 1821 gia

241 1835 493 1873 latinamente
513 1836 543 1872 si
564 1835 738 1880 diceano,
769 1841 807 1872 et
839 1835 933 1872 liora
966 1847 1075 1871 come
1096 1834 1370 1883 volgarmente,
1392 1834 1589 1872 ritroverai
1609 1836 1645 1872 in

238 1899 394 1937 Tabula
428 1899 589 1949 disposti
625 1911 695 1949 per
724 1898 954 1948 alphabeto:
984 1910 1004 1934 e
1038 1897 1163 1947 porrai
1194 1909 1268 1934 cou
1299 1897 1498 1945 piacevole
1528 1897 1647 1936 fatica

241 1970 463 2002 contentare
484 1963 522 2000 la
541 1962 692 2000 desiosa
711 1963 953 2000 mente—In
974 1960 1074 1998 fine:
1105 1966 1115 1980 ‘
1130 1961 1324 2009 Impresso
1346 1959 1383 1997 in
1413 1960 1560 1998 Milano
1580 1976 1649 2012 per

243 2026 427 2076 Magistro
459 2026 676 2075 Augustino
710 2025 759 2063 de
789 2025 1073 2062 vicomercato.
1131 2023 1194 2060 Ad
1234 2023 1415 2060 Instaniia
1453 2024 1502 2062 de
1532 2026 1650 2064 miser

200 2094 202 2096 ’
243 2090 388 2127 Joanne
405 2090 557 2128 Jacobo
577 2096 616 2128 et
635 2089 774 2127 fratelli
794 2089 844 2126 de
864 2086 1057 2139 Legnano.
1130 2087 1205 2125 Nel
1224 2087 1338 2124 lanno
1360 2087 1423 2124 del
1442 2095 1573 2126 nostro
1594 2090 1651 2126 Si-

248 2153 477 2203 guore'Jesu
498 2153 666 2192 Christo.
695 2154 754 2191 M.
771 2154 823 2191 D.
844 2164 926 2190 xx.
947 2153 1011 2191 adi
1031 2153 1166 2190 ultimo
1187 2152 1234 2189 de
1256 2151 1413 2202 Aprile!
1432 2159 1470 2190 4.

200 2221 297 2254 1523
328 2216 485 2262 Eadem,
515 2217 696 2264 Venetiis.
719 2222 756 2254 8.
785 2217 829 2254 In
850 2216 947 2253 fine:
979 2222 988 2236 ‘
1007 2217 1051 2253 In
1084 2216 1244 2265 Vinegia
1276 2228 1345 2265 per
1377 2216 1568 2266 Gregorio
1598 2217 1646 2256 de

248 2279 437 2330 Gregorii.
457 2281 518 2317 nel
538 2281 593 2317 M.
615 2291 766 2320 ccccc.
785 2291 927 2319 xxm.
948 2280 997 2319 de
1016 2293 1116 2320 mese
1136 2280 1184 2317 de
1204 2279 1438 2319 novembre?

198 2348 298 2381 1528
328 2343 486 2388 Eadem,
506 2344 688 2382 Venetiis.
711 2349 748 2382 8.

196 2429 248 2436 --
277 2407 420 2444 Eadem
441 2420 471 2444 s.
493 2407 518 2444 l.
542 2414 577 2445 S.

199 2475 302 2508 1530
329 2471 601 2510 Commentarii
633 2471 672 2509 di
705 2472 804 2522 cajo
823 2473 956 2511 Giulio
975 2475 1116 2511 Cesare
1136 2473 1295 2511 tradotti
1315 2473 1351 2509 in
1373 2472 1504 2522 volgar
1521 2471 1652 2521 lingua

250 2547 320 2584 per
339 2536 527 2585 Agostino
548 2535 684 2572 Ortica
701 2535 751 2573 de
771 2536 808 2573 la
840 2543 953 2586 porta
974 2538 1186 2581 Genovese,
1221 2543 1479 2574 nuovamente
1513 2536 1652 2574 revisto

249 2605 288 2636 et
320 2612 394 2636 eon
429 2612 574 2637 somma
604 2599 799 2649 diligentia
826 2606 976 2638 con-etto
1005 2607 1044 2638 et
1077 2600 1392 2638 historiato.——In
1413 2599 1513 2637 fine:
1553 2600 1653 2637 ‘Im-

249 2664 384 2712 presso
430 2663 466 2701 in
514 2663 674 2713 Vinegia
721 2676 791 2714 per
830 2663 971 2702 Nicolo
1014 2663 1257 2703 d'Aristotile
1305 2664 1415 2703 detto
1460 2664 1651 2715 Zoppino.

255 2730 454 2765 MDxxx.’
476 2733 510 2766 8.

286 2812 396 2854 Delph.
412 2816 440 2844 et
461 2813 535 2844 ναν.
554 2813 578 2843 C
580 2813 635 2845 las.
939 2815 1017 2847 Caes.
1490 2818 1509 2844 6
1533 2815 1564 2848 Q
