1872 3104
674 209 1009 241 LATlNl'rATis.

119 312 201 352 Neu,
217 321 288 352 neu,
304 320 366 352 pro
380 317 423 341 ne
436 307 502 347 vel,
517 307 570 339 vel
593 307 625 339 G
642 307 702 347 vii,
716 311 767 340 14.

118 354 193 386 Nisi
204 356 231 386 η’
247 354 278 386 G
293 355 316 393 i,
329 355 382 384 31.
426 350 463 382 Si
478 349 656 382 redundat.

117 398 202 429 Noai
217 406 339 428 crurum
354 397 432 425 sunt
446 402 487 425 eo
502 393 589 432 loco,
604 402 671 434 quo
687 392 812 424 articu-

159 441 182 471 li
198 438 275 471 nexi
290 440 378 477 sunt,
394 436 452 477 qui
476 436 581 467 veluti
597 436 687 468 nodo
697 436 811 476 juncti

160 481 318 513 videntur
333 478 364 510 G
380 479 425 518 vi,
440 481 494 510 27.
539 479 650 510 Etiam
666 479 812 510 caulium

157 523 236 555 nodi
259 526 349 559 sunt,
377 531 444 562 quo
464 522 540 552 loco
557 522 704 563 plurium
719 530 813 552 vaso-

156 575 228 597 rum
245 564 364 605 plexus
380 570 415 596 et
429 564 585 605 ganglion
603 569 668 603 est,
685 568 719 594 et
736 563 811 595 duae

155 611 272 649 partes
286 606 375 638 nodo
392 607 552 648 conjungi
570 607 741 638 videntur.

115 651 236 682 Nomen
251 650 327 680 dare
343 649 508 691 (militiae)
524 650 551 681 C
567 650 615 689 iii,
629 652 702 680 110.

112 692 318 732 Nummum,
333 692 526 724 nominibus
537 692 742 733 singulorum
757 700 813 732 po-

157 734 230 766 sitis
246 735 278 766 G
295 735 318 775 i,
334 737 389 766 29.

112 777 184 809 Non
207 778 295 808 modo
321 776 433 820 (non),
457 777 511 809 sed
531 786 569 809 ne
591 777 715 819 quidem
729 775 761 809 G
776 775 812 816 ii,

157 822 208 852 17.
231 820 278 859 iii,
293 823 325 853 4.
340 820 409 860 viii,
423 823 477 851 33.

113 861 218 894 Notus
239 863 389 903 regionis,
410 863 541 904 peritus
570 861 717 902 regionis
733 861 768 894 H
782 863 814 893 3.

157 904 248 946 Ergo
264 908 353 936 notus
363 906 394 936 h.
408 906 430 936 1.
448 909 512 945 est,
527 905 703 946 quinovit.

114 946 222 979 Novus
243 949 405 988 adventus,
431 948 625 989 inopinatus
649 948 677 979 C
700 947 748 987 iii,
759 948 813 977 63.

156 990 356 1022 novissimum
379 989 571 1033 (ultimum)
599 1000 712 1030 agmen
736 989 769 1021 G
791 988 815 1029 i,

159 1035 212 1064 16.
256 1033 346 1065 unde
361 1033 518 1064 novissimi
535 1033 565 1064 G
578 1032 601 1071 i,
617 1036 672 1064 25.

116 1074 248 1106 Nudam
262 1075 471 1114 defensoribus
495 1078 599 1106 castra
623 1075 656 1106 G
670 1074 707 1114 ii,
719 1077 752 1113 6,
768 1073 816 1113 iii,

156 1119 190 1149 4.
206 1117 298 1150 Hine
312 1127 374 1159 per
383 1119 516 1160 ellipsin
531 1119 649 1149 nudata
661 1120 765 1149 castra
781 1117 814 1149 G

157 1159 193 1200 ii,
208 1162 262 1191 23.

116 1202 245 1235 Nudum
259 1213 380 1244 corpus,
395 1207 494 1236 scuto
509 1212 577 1235 non
595 1206 726 1235 tectum
743 1201 776 1234 G
792 1201 816 1243 i,

116 1287 290 1319 Numerus.-
321 1288 460 1320 obsidum
483 1297 621 1328 numero,
642 1287 676 1319 h.
693 1297 723 1320 e.
737 1287 816 1318 loco

158 1329 192 1362 G
209 1339 243 1370 v,
259 1334 313 1363 27.
357 1331 494 1362 hostium
517 1340 644 1362 mmero
664 1330 696 1363 G
723 1330 768 1370 vi,
782 1332 814 1361 6.

157 1373 330 1412 legatorum
344 1383 468 1405 nuntero
484 1373 512 1405 C
523 1374 560 1413 ii,
569 1377 622 1406 44.

116 1414 247 1464 Nursina·
275 1421 355 1448 sunt
382 1416 498 1457 iidem,
526 1417 584 1458 qui
609 1415 762 1449 sestertii
784 1416 816 1449 G

159 1458 231 1498 vni,
245 1462 279 1491 4.

115 1499 226 1575 Niger
241 1501 283 1532 de
306 1500 487 1533 intervallo
506 1500 637 1544 aliquot
651 1511 816 1534 annorum

208 1543 234 1584 i,
248 1547 303 1577 40.

118 1585 286 1618 Nun-icius
307 1586 411 1628 pueri,
425 1586 482 1618 cui
505 1595 589 1618 cura
611 1587 708 1626 pueri
735 1586 817 1618 edu-

160 1629 263 1704 cAandi
274 1629 480 1662 demandata
491 1634 545 1662 est
557 1629 585 1662 C
597 1629 646 1672 iii,
656 1632 731 1672 108,
742 1633 817 1663 112.

453 1798 486 1831 O

122 1884 301 1924 obaeratus,
315 1882 462 1922 debitor,
477 1883 510 1915 G
526 1883 550 1923 i,
565 1886 598 1915 4.

122 1928 281 1959 ebducere
289 1926 410 1965 fossam
423 1926 462 1957 ab
478 1927 575 1957 latere
591 1925 624 1957 G
636 1925 672 1965 ii,
688 1928 721 1957 8.

122 1970 306 2009 objectum,
324 1968 546 2010 exprobratio
561 1969 588 2000 C
604 1968 652 2009 iii,
666 1971 721 2000 60.

121 2013 261 2052 ΟΙῄἰεενε
283 2011 462 2056 (jungere)
496 2011 638 2050 jumenta
663 2011 758 2050 turri,
783 2015 822 2042 nt

163 2055 291 2095 currui,
306 2056 408 2096 plane
423 2054 508 2086 utin
520 2059 636 2086 nostro
652 2063 820 2093 sermone,

164 2097 282 2136 Pserde
300 2100 443 2138 corlegen
457 2096 490 2129 A
511 2099 544 2129 2.
589 2105 764 2139 opponere
787 2097 821 2129 G

164 2139 189 2179 i,
203 2142 258 2171 26.

125 2182 310 2214 Obscuratio
324 2181 441 2214 nebulae
457 2180 493 2212 H
508 2183 542 2213 6.

125 2224 314 2266 Obsequium
324 2225 357 2257 A
372 2227 425 2255 63.
468 2228 504 2257 et
513 2223 708 2264 obsequentia
720 2224 754 2256 G
766 2223 824 2266 vii,

165 2269 218 2299 29.
263 2272 317 2300 est
338 2268 426 2308 ejus,
461 2268 519 2310 qui
546 2267 685 2298 alterius
708 2268 824 2299 volun-

166 2310 246 2383 tatid
255 2309 472 2352 consiliisque
498 2309 599 2343 facile
629 2320 666 2343 se
693 2319 824 2342 accom-

166 2361 222 2384 mo
250 2357 296 2383 at.

127 2394 300 2427 Observare
312 2394 494 2436 (revereri)
513 2395 644 2428 alterius
660 2394 826 2437 judicium,

166 2447 235 2469 non
251 2437 413 2469 recedere
427 2439 472 2472 ab
490 2448 543 2482 eo,
554 2438 646 2482 quod
654 2439 826 2481 judicavit

169 2480 258 2511 alter
275 2480 308 2512 G
322 2480 346 2521 i,
357 2482 411 2511 45.

127 2522 295 2554 Obstinaee
307 2532 422 2562 negare
437 2524 470 2556 G
483 2534 516 2563 ν,
528 2527 561 2556 6.

129 2564 300 2597 Obstruere
312 2569 420 2606 portas
433 2567 598 2608 cespitibus
612 2566 644 2598 G
660 2576 694 2607 v,
706 2569 760 2598 51.

128 2607 290 2650 Obtectus,
302 2613 429 2650 tectus,
443 2609 530 2641 bene
543 2613 718 2651 protectus
735 2609 762 2640 C
778 2607 826 2648 iii,

129 2691 289 2734 obtinere,
307 2693 469 2735 incolere,
495 2699 613 2726 tenere
632 2693 664 2726 G
680 2693 702 2734 i,
715 2696 746 2725 1.
791 2692 826 2722 in

171 2739 343 2775 potestate
386 2736 586 2779 (perpetuo)
628 2741 746 2768 tenere
793 2734 825 2766 G

172 2777 197 2817 i,
226 2781 278 2811 17.
332 2778 468 2813 obtinere
496 2781 642 2820 Regnum
677 2779 710 2812 G
746 2778 769 2818 i,
794 2780 826 2809 8.

1500 205 1563 246 lxi

905 308 996 349 quod
1009 307 1134 340 ibidem
1147 310 1212 347 est,
1220 305 1357 338 babere.
1372 308 1457 340 cM}
1474 313 1495 352 i,
1510 317 1561 346 le.

864 352 1023 391 Oce-ultus,
1037 352 1072 382 in
1084 351 1200 381 occulto
1216 350 1281 388 Gi,
1297 352 1350 381 31.
1374 360 1406 382 v.
1422 360 1492 386 not.

865 397 1024 435 occupare
1060 393 1212 434 Regnum,
1245 393 1386 432 Regiam
1415 401 1565 435 potesta.

907 442 976 468 tem
999 436 1063 467 sibi
1081 436 1252 466 vindicare
1278 436 1348 474 Gi,
1365 439 1396 467 3.
1441 447 1564 479 occupa-

906 483 959 511 tur
975 478 1160 521 (repletur)
1172 482 1264 519 porea
1278 479 1476 512 multitudine
1487 482 1514 512 C
1529 482 1565 521 ii,

866 565 1036 605 Occupatio
1053 564 1080 595 C
1097 563 1144 601 iii,
1156 566 1210 595 23.

866 608 1041 647 occupatus
1055 610 1086 637 et
1097 607 1237 638 sublatus
1251 609 1295 638 est
1311 606 1337 639 C
1348 607 1397 647 iii,
1412 610 1486 639 109.
1500 608 1567 640 vid.

906 655 977 681 not.
1038 650 1099 681 Est
1125 655 1238 681 autem
1263 660 1409 691 occupare
1425 651 1569 690 ‚aliquem

906 692 1106 733 idem,quod
1123 692 1327 733 praevenire,
1337 693 1483 735 ideoque
1492 694 1568 725 citi-

906 745 946 767 us
957 735 1101 775 agendo,
1112 745 1211 775 qnam
1221 736 1310 766 alter
1325 740 1454 776 potest,
1466 736 1569 778 impe-

907 778 994 817 dire,
1009 787 1075 819 quo
1091 778 1201 809 minus
1213 778 1301 808 alter
1315 777 1421 809 faciat
1436 784 1494 810 aut
1510 789 1568 820 pa-

908 820 1015 852 tiatur
1030 820 1169 861 aliquid.
1214 819 1289 852 Nisi
1302 824 1480 861 occupatum
1495 821 1527 852 h.
1545 823 1568 853 1.

907 861 1049 894 velimus
1064 866 1272 903 correptum,
1284 868 1457 903 arreptum
1473 873 1492 894 a
1502 865 1569 896 suis

907 905 1112 945 intelligere,
1128 914 1194 946 quo
1207 905 1258 936 sui
1274 906 1374 945 potiti
1391 911 1482 938 sunt.

868 950 1050 988 Occurrere,
1072 948 1232 979 celeriter
1255 948 1388 988 adesse,
1412 949 1570 980 advolare

909 991 941 1022 G
957 990 1004 1030 iii,
1018 992 1051 1022 4.
1065 991 1121 1031 vii,
1136 993 1189 1022 24.
1202 991 1360 1031 suppetias
1374 990 1429 1022 Af.
1445 994 1499 1023 66.
1522 1002 1571 1023 re-

908 1033 974 1072 bus,
991 1043 1073 1064 casu
1090 1034 1124 1064 in
1141 1042 1198 1064 eas
1211 1033 1376 1073 incidere,
1392 1034 1497 1074 iisque
1515 1044 1571 1066 ne-

909 1077 1011 1117 gotiis
1034 1076 1217 1116 improviso
1239 1076 1397 1117 impediri
1424 1077 1456 1108 G
1473 1077 1522 1116 iii,
1537 1080 1569 1108 6.

909 1119 1003 1151 Hinc
1019 1128 1178 1150 occurrere
1193 1118 1281 1158 bello,
1296 1128 1335 1149 eo
1353 1119 1521 1159 implicari
1538 1120 1569 1151 G

909 1162 955 1202 iv,
971 1164 1003 1193 6.
1047 1161 1182 1193 occurrit
1197 1161 1239 1192 iis
1252 1162 1293 1192 ad
1315 1162 1465 1201 animum,
1479 1162 1572 1193 subit

909 1213 967 1236 eos
993 1204 1169 1245 cogitatio,
1195 1203 1230 1235 in
1257 1203 1404 1236 animum
1420 1204 1460 1236 iis
1475 1204 1572 1236 venit

910 1246 945 1278 G
957 1246 1015 1286 vii,
1029 1250 1083 1277 85.

869 1291 1020 1321 Oceanus.
1043 1287 1089 1321 cf.
1106 1297 1212 1320 mare.

871 1333 1053 1374 Offendere,
1077 1340 1146 1363 non
1175 1338 1342 1372 prospere
1358 1340 1431 1362 rem
1454 1339 1574 1371 gerere

911 1376 940 1408 C
953 1375 1000 1415 iii,
1011 1377 1065 1406 72.
1103 1373 1287 1415 offenditur,
1303 1373 1427 1405 incidit
1443 1373 1573 1415 aliquid

910 1418 1046 1450 adversi
1070 1416 1104 1448 G
1127 1417 1173 1457 vi,
1189 1419 1244 1449 36.
1288 1415 1444 1457 offendere
1468 1416 1501 1447 in
1516 1416 1574 1447 ali-

910 1471 968 1501 quo
985 1461 1013 1493 C
1028 1460 1063 1500 ii,
1078 1462 1132 1491 32.

870 1503 1026 1545 Offensio,
1048 1501 1216 1533 infaustus
1242 1509 1431 1541 successus,
1453 1504 1574 1532 contra

911 1555 1014 1587 quam
1036 1553 1293 1586 speraveramus
1310 1543 1338 1574 C
1352 1543 1400 1581 iii,
1413 1546 1468 1575 47.
1503 1543 1575 1575 odi-

911 1598 979 1625 um,
991 1587 1027 1618 in
1043 1596 1111 1628 quo
1126 1585 1203 1627 quis
1218 1590 1271 1618 est
1287 1586 1314 1617 C
1329 1585 1377 1627 iii,
1391 1588 1446 1620 60.
1474 1585 1506 1617 Α
1518 1588 1573 1618 48.

910 1630 1041 1671 offensio
1055 1629 1153 1661 animi
1169 1628 1202 1660 G
1218 1628 1241 1668 i,
1258 1631 1309 1661 19.

871 1671 1092 1715 Offerre‚fors
1104 1671 1201 1713 offert
1216 1672 1249 1703 G
1265 1671 1300 1711 ii,
1311 1673 1366 1702 21.

872 1717 1002 1758 Officere
1029 1714 1218 1754 exciti-sioni,
1242 1722 1317 1745 eam
1330 1711 1499 1755 impedire
1516 1711 1575 1745 Af.

872 1800 1018 1843 Qfficium
1032 1798 1236 1839 maritimum,
1246 1807 1328 1830 cura
1343 1797 1448 1829 totins
1458 1796 1575 1829 classis

913 1844 942 1876 C
958 1843 1007 1883 iii,
1022 1846 1054 1874 5.
1079 1842 1159 1873 Esse
1173 1841 1209 1872 in
1223 1841 1321 1883 officio
1337 1840 1370 1872 G
1386 1849 1420 1880 v,
1436 1842 1467 1872 3.
1484 1839 1575 1881 quod

913 1885 1040 1917 ibidem
1056 1894 1088 1917 c.
1103 1887 1136 1915 4.
1153 1888 1218 1922 est,
1228 1892 1411 1924 permanere
1419 1883 1453 1913 in
1463 1882 1575 1925 officio.

913 1928 983 1959 Sed
1011 1929 1088 1970 qffic.
1114 1928 1266 1967 praestare
1282 1926 1315 1957 G
1330 1924 1405 1964 viii,
1419 1928 1474 1956 50.
1511 1929 1576 1963 est,

917 1969 1127 2010 Gefeilzigkeit
1160 1968 1316 1999 erweisen.
1376 1967 1433 1999 Sic
1464 1966 1496 1998 A
1522 1970 1577 1998 70.

914 2012 1061 2044 officium
1088 2015 1140 2043 est
1161 2009 1381 2051 gratificum,
1408 2009 1499 2041 unde
1513 2009 1577 2041 ibi-

913 2056 992 2087 dem
1021 2054 1184 2099 qfficiosias,
1207 2054 1266 2096 qui
1309 2052 1411 2085 alteri
1440 2056 1576 2094 gratum

914 2098 1012 2131 facit.

875 2141 1029 2174 Omittere
1043 2139 1172 2172 alterius
1193 2138 1365 2180 consilium,
1389 2137 1578 2179 negligere,

916 2194 956 2216 eo
971 2193 1040 2216 non
1054 2183 1104 2214 uti
1119 2182 1197 2222 Gii,
1211 2185 1265 2213 17.

875 2226 1010 2258 Omnino
1034 2225 1080 2267 (si
1095 2234 1229 2257 onmem
1253 2231 1418 2256 summam
1440 2231 1579 2264 compu-

916 2269 982 2307 tes)
994 2278 1073 2300 unus
1087 2267 1152 2309 Gi,
1166 2270 1200 2300 7.
1242 2266 1368 2298 omnino
1380 2267 1440 2298 ἀιιο
1456 2265 1490 2297 G
1503 2265 1527 2305 i,
1542 2267 1577 2296 6.

915 2312 976 2344 sed
992 2312 1025 2343 G
1036 2311 1082 2351 iv,
1096 2313 1151 2342 38.
1195 2309 1319 2341 omnino
1341 2310 1411 2341 duae
1427 2312 1518 2349 sunt,
1534 2317 1577 2339 ex

915 2354 1007 2386 omni
1022 2362 1163 2386 numero
1177 2356 1311 2384 tantum
1326 2351 1416 2383 duae.

876 2398 965 2429 Onus
978 2396 1079 2437 navis,
1090 2396 1185 2428 navis
1200 2404 1387 2438 permagna
1402 2392 1493 2433 Giii,
1510 2394 1564 2424 13.

877 2441 992 2481 Opima
1006 2449 1091 2471 cama
1103 2438 1139 2470 H
1153 2441 1206 2470 33.

877 2482 1146 2524 opportunitates,
1157 2481 1241 2512 situs
1253 2482 1580 2525 opportunus-,com-

917 2525 1018 2558 moda
1033 2534 1110 2557 cum
1122 2524 1189 2555 situ
1205 2523 1390 2562 conjuncta
1405 2520 1437 2551 G
1452 2520 1563 2566 lig-12.

877 2568 976 2609 Opus,
991 2565 1174 2599 aedificatio
1196 2565 1229 2597 G
1253 2565 1302 2603 iii,
1325 2566 1358 2593 3.
1394 2560 1579 2604 opificium,

918 2609 1023 2650 ἔργον,
1053 2613 1092 2640 ut
1114 2608 1274 2640 Minerva
1294 2602 1428 2646 Ἐργάνη
1452 2602 1578 2650 dicitu-r

919 2652 1010 2693 Gvi,
1025 2653 1079 2683 17.
1122 2649 1265 2681 munitio
1293 2651 1480 2680 castrorum
1506 2644 1539 2676 G
1555 2654 1579 2683 1,

918 2697 973 2726 49.
1017 2702 1132 2725 murus
1155 2696 1192 2723 et
1213 2690 1306 2723 fossa
1331 2689 1438 2721 ducta
1459 2687 1530 2727 Gi,
1545 2690 1579 2719 8.

921 2737 1012 2769 Hinc
1029 2746 1132 2777 opera,
1150 2732 1420 2767 circumvallatio
1447 2730 1480 2762 G
1507 2729 1578 2769 viii,

919 2783 973 2813 40.
1019 2784 1055 2811 et
1081 2787 1174 2819 opera
1198 2776 1431 2816 administrare,
1458 2773 1577 2805 urbem
