1872 3104
580 232 622 260 c.
652 230 688 259 s.
721 227 939 257 cAEsAms
973 227 1107 256 νιίἈ.
1460 220 1572 261 1917

119 345 158 366 τε
179 335 239 372 τῆς
258 322 553 376 γυναικωνίτιδος
571 321 738 371 ἀκριβεῖς
757 320 864 366 ἦσαν,
887 323 908 366 ἥ
935 336 974 358 τε
1002 325 1120 371 μήτηρ
1139 325 1201 358 τοῦ
1226 321 1429 370 Καίσαρος,
1452 324 1573 372 Αὑρη-

120 394 199 435 λιίι,
216 394 310 439 γυνὴ
331 394 491 439 σώφρων,
513 387 738 436 περιέπουσα
755 389 822 431 τὴν
843 385 986 435 νύμφην
1005 386 1074 429 ἀεὶ,
1096 387 1270 435 χαλεπὴν
1284 386 1342 421 καὶ
1361 401 1575 433 παρακεκιν-

120 455 346 505 δυνευμένην
366 454 486 488 αὐτοῖς
518 451 633 487 ἐποίει
666 452 734 494 τὴν
766 450 940 495 ἔντευξιν.
978 449 1088 485 '‘Eo-rt
1109 447 1150 485 δὲ
1175 448 1370 498 Ῥωμαίοις
1403 450 1495 494 θεὸς,
1530 456 1574 496 ἢν

119 517 305 566 Ἀγάθην3
324 516 591 566 ὀνομάέουσιν,
614 515 735 561 ὥσπερ
746 513 933 558 ”Ελληνες
953 511 1192 550 Γυναικείαν.
1239 514 1316 550 Καὶ
1338 513 1477 563 Φρύγες
1504 514 1574 564 μὲν

118 580 366 629 οἰκειούμενοι,
387 577 492 616 Μίδα
511 581 662 627 μητέρα,
684 583 746 613 τοῦ
770 575 970 624 βασιλέως,
992 578 1171 624 γενέσθαι
1198 580 1300 628 φασὶ,
1329 577 1507 629 Ῥωμαῖοι
1535 577 1576 616 δὲ

120 646 264 696 νύμφην
282 641 445 692 Δρυάὸα,
463 640 595 692 Φαύνῳ
614 642 903 684 συνοικήσασαν,
913 640 1099 686 ’ΊΞλληνες
1116 640 1156 678 δὲ
1175 647 1246 678 τῶν
1266 642 1446 680 Διονύσου
1465 644 1576 693 μητέ-

117 724 190 758 ρων
209 710 274 753 τὴν
295 707 469 759 ἄῤῥητον.
489 704 609 744 ”Οθεν
628 706 848 756 ἀμπελίνοις
874 721 913 742 τε
946 707 1009 742 τὰς
1029 708 1160 752 σκηνὰς
1180 710 1366 756 κλήμασιν
1386 708 1578 756 ἑορτάὲου-

118 788 180 810 σαι
206 773 456 822 κατερέφουσι,
477 772 534 807 καὶ
568 768 710 819 δράκων
743 769 834 817 ἱερὸς
862 768 1178 819 παρακαθίδρυται
1214 774 1257 823 τῇ
1290 773 1360 821 θεῷ
1390 774 1481 808 κατὰ
1513 772 1577 810 τὸν

119 838 249 886 μῦθον.
287 833 437 881 ”Ανδρα
457 832 498 870 δὲ
530 835 751 882 προσελθεῖν
780 835 821 869 οὐ
851 835 963 882 θέμις,
997 832 1068 870 οὐδ’
1089 835 1149 870 ἐπὶ
1169 843 1228 878 τῆς
1248 836 1362 871 οἰκίας
1385 838 1576 883 γενέσθαι,

117 907 190 939 τῶν
210 901 316 948 ἱερῶν
337 899 635 948 ὀργιαὲομένων.
663 897 786 934 Αὖταὶ
805 895 846 933 δὲ
865 900 942 934 καθ’
961 898 1093 934 ἑαυτὰς
1113 897 1151 933 αἱ
1171 902 1345 944 γυναῖκες
1360 901 1485 936 πολλὰ
1504 906 1578 938 τοῖς

115 963 298 1015 Ὀρφικοῖς
317 963 578 1013 ὁμολογοῦντα
599 959 692 1008 δρᾷν
711 963 892 1007 λέγονται
911 962 992 1008 περὶ
1013 962 1078 1005 τὴν
1101 960 1326 1010 ἱερουργίαν.
1366 960 1491 999 ”Οταν
1510 961 1574 1000 οὖν

117 1028 136 1064 ὁ
157 1036 218 1072 τῆς
237 1029 358 1076 ἑορτῆς
378 1028 512 1078 καθήκῃ
531 1025 674 1075 χρόνος,
696 1023 938 1061 ὑπατεύοντος
970 1024 992 1069 ἦ
1023 1033 1316 1073 στρατηγοῦντος
1344 1024 1487 1076 ἀνδρὸς,
1512 1028 1576 1064 αὒ-

118 1091 175 1130 τὸς
192 1092 263 1140 μὲν
281 1092 480 1136 ἐξίσταται,
511 1090 570 1125 καὶ
588 1093 666 1125 πᾶν
684 1088 724 1126 τὸ
753 1088 880 1139 ἄῤῥεν·
916 1090 937 1133 ἡ
971 1087 1011 1125 δὲ
1039 1092 1134 1136 γυνὴ
1162 1092 1228 1134 τὴν
1253 1092 1373 1128 οὶκίαν
1406 1093 1577 1140 παραλα-

115 1155 241 1203 βοῦσα
261 1153 466 1203 διακοσμεῖ,
489 1154 547 1190 καὶ
573 1155 619 1190 τὰ
638 1156 801 1203 μέγιστα
823 1152 958 1202 νύκτωρ
992 1157 1169 1198 τελεῖται,
1190 1153 1341 1192 παιδιᾶς
1363 1156 1580 1206 ἀναμεμιγ·

117 1223 230 1270 μένης
246 1223 325 1257 ταῖς
344 1220 565 1268 παννυχίσι,
587 1218 645 1254 καὶ
663 1226 838 1268 μουσικῆς
857 1218 936 1267 ἅμα
957 1220 1097 1262 πολλῆς
1117 1218 1314 1268 παρούσης.

713 1408 748 1449 C
764 1408 870 1450 ΑΡ.
914 1409 980 1450 X.

121 1497 206 1531 Quae.
242 1507 318 1530 cum
355 1497 520 1539 Pompeia
558 1498 694 1530 Caesare
725 1502 876 1539 praetore
904 1498 1108 1537 celebraret,
1135 1498 1274 1530 Clodius
1298 1503 1394 1530 veste
1423 1499 1580 1530 muliebri

162 1550 380 1583 absconditus
400 1561 475 1582 cum
502 1560 542 1582 ea
567 1551 751 1582 convenire
777 1551 920 1592 cupiens
936 1551 1071 1582 domum
1088 1552 1234 1583 caesaris
1249 1552 1369 1592 intrat,
1385 1552 1445 1583 sed
1461 1552 1582 1592 depre-

163 1605 288 1637 hensus
304 1606 503 1646 expellitur.
546 1605 635 1636 Tum
651 1615 734 1636 vero
750 1605 937 1646 impietatis
952 1609 987 1636 et
1003 1605 1144 1636 aliorum
1161 1604 1384 1637 nefandorum
1402 1610 1582 1637 accusatus

162 1658 306 1690 Caesaris
321 1658 554 1690 moderatione
571 1662 606 1690 et
622 1658 732 1699 plebis
747 1657 864 1689 favore
882 1668 900 1689 e
916 1658 1068 1699 periculo
1090 1659 1245 1699 eripitur.
1290 1659 1492 1700 Pompeiam
1511 1659 1583 1690 Cae-

163 1721 218 1742 sar
233 1711 402 1752 repudiat.

173 1798 324 1843 Ταὺτην
344 1799 425 1835 τότε
445 1799 510 1842 τὴν
531 1799 659 1846 ἑορτὴν
678 1808 740 1844 τῆς
758 1797 959 1848 Πομπηΐας
980 1799 1231 1844 ἐπιτελούσης,
1253 1800 1272 1836 ὁ
1292 1797 1458 1836 Κλώδιος
1481 1800 1580 1836 ούπω

124 1868 292 1910 γενειῶν,
313 1863 373 1900 καὶ
393 1860 454 1899 διὰ
474 1867 578 1900 τοῦτο
598 1865 732 1908 λήσειν
760 1864 939 1912 οἰόμενος,
974 1863 1110 1906 ἐσθῆτα
1142 1865 1200 1898 καὶ
1235 1864 1366 1906 σκευὴν
1401 1862 1584 1912 ψαλτρίας

120 1924 331 1973 ἀναλαβὼν
351 1926 497 1976 ἐχώρει,
517 1929 583 1974 νέᾳ
603 1927 753 1973 γυναικὶ
772 1929 838 1971 τὴν
858 1926 946 1974 ὄψιν
974 1927 1107 1963 ἐοικώς.
1164 1926 1242 1962 Καὶ
1262 1931 1340 1963 ταῖς
1364 1928 1486 1974 θύραις
1506 1927 1584 1962 ἑπι-

122 1992 244 2041 τυχὼν
264 1991 533 2041 ἀνεῳγμέναις,
555 1992 713 2040 εἰσήχθη
733 1991 803 2040 μὲν
820 1989 933 2027 ἀδεῶς
954 1990 1022 2027 ὑπὸ
1050 1996 1110 2033 τῆς
1136 1988 1343 2027 συνειδυίας
1371 1992 1584 2038 θεραπαινί-

125 2051 197 2090 δος·
227 2054 365 2098 ἐκείνης
389 2052 429 2090 δὲ
455 2052 743 2102 προδραμούσης,
775 2056 821 2090 ὡς
849 2056 893 2105 τῇ
912 2052 1096 2102 Πομπηΐᾳ
1115 2054 1280 2104 φράσειε,
1303 2054 1361 2089 καὶ
1382 2057 1585 2102 γενομένης

124 2114 326 2164 διατριβῆς,
360 2120 572 2167 περιμένειν
602 2117 688 2167 μὲν,
728 2116 821 2154 ὅπου
855 2116 1092 2167 κατελείφθη,
1114 2119 1163 2168 τῷ
1194 2115 1356 2167 Κλωδίῳ
1381 2118 1431 2166 μὴ
1461 2131 1585 2164 καρτε-

123 2184 259 2228 ροῦντι,
280 2183 512 2231 πλανωμένῳ
551 2179 580 2217 δ’
613 2181 654 2217 ἐν
691 2183 787 2228 οἰκίᾳ
818 2183 984 2233 μεγάλῃ,
1018 2182 1078 2217 καὶ
1110 2183 1369 2230 περιφεύγοντι
1397 2182 1441 2217 τὰ
1467 2186 1582 2230 φῶτα,

125 2249 385 2294 προσπεσοῦσα
419 2250 480 2288 τῆς
506 2243 700 2293 Αὐρηλίας
728 2246 940 2289 ἀκόλουθος,
977 2247 1022 2281 ὡς
1054 2242 1097 2288 δὴ
1118 2247 1211 2291 γυνὴ
1233 2249 1392 2292 ’γυναῖκα
1412 2244 1582 2283 ’,ταί-,εινι

784 2350 925 2381 NOTAE

169 2425 187 2452 3
209 2421 360 2463 Ἀγάθην]
383 2424 421 2455 L.
446 2424 597 2463 Ἀγαθὴν,
615 2425 699 2463 cujus
712 2436 751 2456 ne
777 2435 828 2456 no·
880 2424 1036 2456 Consulis
1051 2424 1107 2455 vel
1121 2423 1298 2455 Praetoris.

125 2481 193 2502 men
217 2472 340 2512 quidem
367 2474 449 2504 viros
476 2476 553 2506 scire
575 2475 631 2513 fas
659 2479 716 2514 est,
737 2485 827 2516 quam

123 2522 184 2552 iste
198 2521 370 2563 (Clodius)
385 2523 494 2554 iccirco
508 2525 630 2556 Bonam
643 2525 734 2564 dicit,
749 2527 829 2565 quod
925 2530 941 2558 1
966 2526 1108 2567 Παίζειν]
1131 2527 1177 2558 Η.
1195 2537 1225 2558 e.
1245 2525 1370 2567 jocari,
1391 2525 1509 2565 jocum
1538 2528 1586 2554 at-

125 2573 261 2604 intanto
275 2573 335 2604 sibi
355 2575 467 2605 scelere
483 2575 648 2614 ignoverit.
684 2577 757 2608 Cic.
785 2577 827 2607 de
881 2587 947 2618 que
963 2577 1079 2609 ludum
1106 2577 1245 2615 ducere,
1270 2581 1309 2607 ut
1332 2575 1399 2606 diei
1425 2573 1528 2612 festo,
1549 2579 1585 2605 et

127 2622 278 2664 ΗΒΑ-ηερ.
295 2633 384 2664 resp.
401 2635 431 2656 c.
449 2628 500 2656 17.
531 2625 654 2657 Graece
670 2626 829 2657 Γυναικεία
881 2628 1035 2668 psaltriae
1056 2628 1267 2659 conveniret.
1310 2626 1388 2657 Non
1419 2623 1586 2655 assentior

126 2672 254 2705 dicitur
280 2674 384 2705 etiam
411 2675 444 2705 in
471 2675 565 2706 Plut.
589 2675 754 2707 Cicerone
777 2679 828 2707 19.
883 2677 1026 2709 Reiskio
1045 2676 1232 2719 πλησιάζειν
1254 2677 1310 2708 vel
1336 2674 1484 2716 πελάζειν
1506 2685 1584 2707 cou-

126 2723 301 2755 Saerificia
327 2725 424 2765 hujus
449 2726 536 2756 Deae
563 2726 744 2765 quotannis
764 2725 829 2756 Ca·
874 2727 1026 2767 jicienti.

129 2769 238 2807 lendis
269 2776 354 2807 Maii
378 2776 640 2808 celebrabantur
660 2776 759 2808 domo
774 2777 829 2808 vel
