1872 3104
224 179 336 221 1948
685 184 1041 217 c.J.(2nSAR1s
1075 183 1207 213 vrrA.

224 285 297 331 γὰρ
316 282 418 332 ἀφεὶς
435 281 557 317 τᾶλλα
577 281 715 324 πάντα,
746 282 810 322 τὴν
842 279 939 316 ἐντὸς
962 278 1161 321 “Ἀλπεων,
1194 279 1252 314 καὶ
1281 276 1320 314 τὸ
1350 274 1553 323 Ἰλλυρικὸν
1576 276 1670 324 μετὰ

225 343 328 382 δυοῖν
347 349 547 391 ταγμάτων
567 346 662 394 αὐτῷ
691 343 855 387 δοθῆναι,
889 347 1017 393 μέχρις
1037 340 1077 378 οὗ
1098 344 1162 384 τὴν
1193 339 1369 386 δευτέραν
1391 341 1568 375 ὑπατείαν
1587 341 1672 387 μέτ-

224 409 312 454 εισι)
331 410 386 444 καὶ
419 408 582 454 Κικέρων
614 409 632 442 ὁ
662 409 789 455 ῥητωρ,
811 409 888 454 ιἰρτι
923 409 1049 453 παρὼν
1080 407 1118 440 ἐκ
1146 405 1315 441 Κιλικίας
1335 407 1342 421 ¹
1382 406 1437 438 καὶ
1461 401 1672 448 διαλλαγὰς

222 475 403 521 πράττων,
426 471 612 517 ἐμάλαττε
631 470 694 505 τὸν
715 469 924 517 Πομπήϊον·
955 470 974 503 ι’)
1006 467 1045 504 δὲ
1079 470 1201 504 τᾶλλα
1225 474 1441 517 συγχωρῶν,
1463 464 1541 501 τους
1563 479 1672 512 στρα-

221 539 346 572 τιώτας
367 532 509 585 ἀφῄρει.
584 532 659 568 Καὶ
679 533 843 580 Κικέρων
861 533 931 580 μὲν
950 534 1072 568 ἔπειθε
1093 532 1170 567 τοὺς
1191 531 1378 577 Καίσαρος
1398 532 1521 578 φίλους
1543 542 1673 564 συνεν-

224 596 353 634 δόντας
373 596 430 630 ἐπὶ
450 600 528 630 ταῖς
548 596 756 642 εἰρημέναις
787 596 994 644 ἐπαρχίαις,
1018 596 1076 629 καὶ
1099 598 1330 642 στρατιώταις
1347 595 1470 640 μόνοις
1491 593 1674 640 ἑξακισχι-

223 663 315 696 λίοις
334 661 520 694 ποιεῖσθαι
540 659 600 694 τὰς
622 655 822 694 διαλύσεις.
878 656 1078 703 Πομπηΐου
1097 655 1135 691 δὲ
1154 658 1406 703 καμπτομένου
1423 657 1478 690 καὶ
1500 653 1672 696 διδόντος,

223 723 256 759 οἱ
276 723 357 770 περὶ
377 720 552 757 Λέντλον
570 722 633 755 οὐκ
653 721 738 755 ε’ίων
759 719 1010 760 ὑπατεύοντες,
1032 721 1133 754 ιἰλλὲι
1153 721 1210 754 καὶ
1231 728 1291 762 τῆς
1309 717 1447 763 βουλῆς
1467 718 1674 754 Ἀντώνιον

224 787 282 822 καὶ
301 784 494 832 Κουρίωνα
507 785 522 801 ²
541 785 898 830 προπηλακίσαντες,
920 782 1106 825 ἐξήλασαν
1125 784 1274 830 ἀτίμως,
1293 784 1357 824 τὴν
1377 781 1675 829 εὐπρεπεστάτην

223 849 390 896 Καίσαρι
409 854 480 884 τῶν
501 847 717 895 προφάσεων
736 847 837 882 αὐτοὶ
865 848 1189 895 μηχανησάμενοι,
1207 846 1263 880 καὶ
1287 843 1331 880 δι’
1352 843 1391 888 ἧς
1410 848 1575 893 μάλιστα
1595 841 1676 881 τούς

225 913 445 960 στρατιώτας
466 911 706 958 παρώξυνεν,3
729 907 1023 957 ἐπιδεικνύμενος
1043 906 1179 956 ἄνδρας
1199 908 1422 955 ἐλλογίμους
1451 908 1508 943 καὶ
1543 908 1677 956 ἄρχον-

224 991 288 1013 τας
307 976 367 1011 ἐπὶ
385 977 540 1024 μισθίων
560 976 710 1021 ἒευγῶν
729 975 957 1023 πεφευγότας
976 973 1017 1009 ἐν
1037 974 1190 1015 ἐσθῆσιν
1210 973 1412 1008 οἰκετικαῖς.
1475 968 1583 1007 Οὕτω
1604 970 1675 1018 γὰρ

225 1038 297 1075 ἀπὸ
314 1038 452 1089 Ῥώμης
474 1039 717 1075 σκευάσαντες
735 1035 881 1074 ἑαυτοὺς
899 1036 958 1074 διὰ
979 1035 1098 1088 φόβον
1118 1035 1338 1086 ὑπεξῄεσαν.

728 1291 1172 1334 CAP.XXXH.

226 1425 338 1455 Caesar
352 1428 454 1455 noctu
471 1427 697 1464 transgressus
723 1423 951 1464 Rubiconem,
975 1423 1166 1455 Ariminum
1192 1421 1296 1462 capit,
1323 1421 1428 1452 multa
1446 1420 1552 1452 adhuc
1568 1421 1678 1452 animo

268 1477 400 1509 solicito
417 1482 589 1518 reputans,
604 1486 679 1508 cum
691 1477 764 1517 jam
781 1477 814 1508 in
831 1487 871 1508 eo
887 1482 988 1517 esset,
1006 1481 1044 1508 nt
1059 1475 1196 1506 fluvium
1213 1475 1386 1514 transiret,
1402 1484 1430 1505 a.
1449 1474 1527 1505 Chr.
1544 1483 1575 1505 n.
1592 1476 1645 1504 49.

269 1603 399 1642 τΗσαν
417 1606 488 1655 μὲν
509 1603 572 1642 οὖν
592 1607 671 1655 περὶ
690 1605 802 1643 αὑτὸν
827 1607 869 1641 οὺ
897 1606 1046 1642 πλείους
1069 1603 1210 1640 ἱππέων
1229 1604 1447 1651 τριακοσίων
1467 1602 1525 1636 καὶ
1545 1614 1679 1637 πεντα-

227 1672 424 1720 κισχιλίων
456 1670 629 1706 ὁπλιτῶν·
663 1669 702 1706 τὸ
730 1672 801 1718 γὰρ
835 1671 931 1706 ἄλλο
953 1669 1158 1716 στράτευμα
1189 1670 1306 1715 πέραν
1330 1665 1516 1701 ”Αλπεων
1545 1665 1682 1700 ἀπολε-

226 1734 430 1782 λειμμένον
463 1734 625 1782 ἔμελλον
660 1734 760 1778 ἄξειν
791 1733 823 1769 οἱ
862 1734 1102 1781 πεμφθέντες.
1157 1728 1279 1777 Ὁρῶν
1312 1726 1352 1764 δὲ
1381 1730 1447 1772 τὴν
1477 1729 1598 1777 ἀρχὴν
1629 1724 1682 1763 ὦν

227 1796 397 1833 ἐνίστατο
417 1798 647 1846 πραγμάτων
668 1799 727 1833 καὶ
760 1799 826 1841 τὴν
846 1794 978 1846 ἔφοδον
1009 1797 1050 1831 οὺ
1081 1795 1322 1844 πολυχειρίας
1355 1789 1536 1839 δεομένην
1564 1791 1606 1826 ἑν
1632 1792 1682 1840 τῷ

228 1860 379 1906 παρόντι
399 1861 558 1907 μᾶλλον,
581 1860 602 1902 ἢ
634 1858 771 1909 θάμβει
803 1875 844 1896 τε
872 1860 1006 1907 τόλμης
1037 1859 1096 1894 καὶ
1129 1857 1237 1906 τάχει
1266 1859 1389 1904 καιροῦ
1420 1856 1683 1898 καταληπτέαν

228 1919 356 1966 οὖσαν,
375 1923 585 1968 (ἐκπλήξειν
616 1923 688 1970 γὰρ
721 1921 991 1971 ἀπιστούμενος
1019 1922 1124 1969 ῥᾷον,
1159 1920 1180 1962 ἢ
1211 1918 1412 1966 βιάσεσθαι
1441 1919 1535 1966 μετὰ
1563 1931 1682 1965 παρα·

231 1990 357 2028 σκευῆς
378 1985 564 2031 ἐπελθὼν)
583 1983 663 2021 τοὺς
681 1985 752 2033 μὲν
773 1986 958 2034 ἡγεμόνας
973 1985 1031 2019 καὶ
1053 1983 1267 2032 ταξιάρχους
1287 1984 1473 2026 ἐκέλευσε,
1493 1983 1683 2032 μαχαίρας

886 2120 1026 2153 NOTAE

272 2209 285 2237 l
311 2207 364 2236 Ἐκ
381 2205 534 2246 Κιλικίας]
568 2206 636 2238 Ubi
652 2206 718 2237 fuit
733 2207 926 2247 proconsul.
983 2205 1064 2243 αὐτῷ
1081 2203 1214 2244 Κουρίων
1238 2215 1274 2234 τε
1301 2203 1374 2245 (qui
1390 2202 1525 2234 ultimas
1541 2201 1684 2233 Caesaris

270 2259 289 2287 2
311 2255 471 2294 Ἀντώνιον
485 2256 535 2287 καὶ
559 2255 728 2296 Κουρίωνα]
775 2257 828 2288 Ne
846 2256 928 2287 velis
981 2257 1107 2296 literas,
1134 2256 1254 2296 quibus
1273 2255 1343 2295 ejus
1359 2254 1485 2285 inimici
1502 2257 1683 2293 tantopere

228 2316 304 2338 cum
335 2306 456 2337 solano
482 2307 595 2345 legere
626 2305 762 2337 Κάσσιον
788 2306 927 2337 Κόϊντον.
983 2306 1281 2346 exasperabantur,
1297 2304 1390 2334 novis
1407 2303 1614 2343 consulibus,
1628 2312 1686 2334 cu·

226 2355 354 2387 Verum
370 2361 434 2395 est,
450 2357 601 2387 tribunos
619 2362 687 2388 tum
705 2357 807 2388 fuisse
825 2358 929 2388 Anto·
984 2357 1064 2387 riam
1081 2355 1298 2393 intrantibus,
1315 2355 1386 2385 sive
1413 2354 1525 2394 potius
1551 2353 1582 2383 in
1610 2353 1684 2392 ipso

227 2406 319 2436 nium
346 2412 382 2436 et
407 2406 570 2445 Cassium,
602 2407 660 2437 sed
690 2417 784 2448 mque
813 2417 928 2438 verum
976 2407 1047 2446 jam
1079 2411 1210 2443 senatu,
1248 2407 1302 2445 (ut
1333 2404 1458 2435 diserte
1490 2403 1560 2435 Dio
1592 2403 1685 2433 Cass.

227 2459 292 2494 est,
309 2455 490 2486 Curionem
508 2460 578 2486 tum
595 2455 730 2487 affuisse
748 2457 780 2486 in
796 2461 928 2495 senatu,
984 2465 1057 2488 xm.
1073 2456 1120 2496 1.)
1136 2454 1348 2495 reddiderat)
1363 2454 1413 2485 καὶ
1429 2452 1576 2491 Κάσσιος,
1592 2456 1658 2482 etc.

225 2505 254 2536 si
271 2506 339 2535 ulla
354 2510 405 2536 est
419 2506 522 2537 Dioni
539 2506 654 2537 Cassio
679 2515 753 2538 xm.
771 2507 877 2547 princ.
893 2513 929 2538 et
1026 2511 1044 2538 3
1069 2507 1258 2547 Παρώξυνεν]
1301 2505 1416 2545 Λέγων·
1443 2505 1489 2536 ὅτι
1515 2503 1565 2534 καὶ
1590 2502 1683 2541 σφᾶς,

226 2554 385 2594 Appiano
402 2554 487 2585 fides
517 2563 557 2586 11.
585 2558 637 2586 33.
653 2567 659 2586 :
695 2554 878 2596 Μάρκελλός
893 2569 928 2587 τε
981 2557 1094 2589 τοσάδε
1111 2556 1348 2598 ἐργασαμένους,
1361 2556 1506 2595 ἡγοῦνται
1520 2551 1684 2590 πολεμίους

227 2603 277 2634 καὶ
293 2603 428 2636 Λέντλος
443 2603 585 2636 ἐκέλευον
598 2607 663 2636 τοῖς
680 2605 756 2645 ἀμφὶ
782 2606 837 2637 τὸν
861 2607 927 2637 Ἀν-
982 2609 1032 2640 καὶ
1046 2609 1186 2640 τοιούσδε
1202 2609 1323 2648 ἄνδρας,
1336 2606 1409 2646 ὑπὲρ
1422 2605 1521 2635 αὐτῶν
1535 2615 1571 2633 τε
1588 2605 1683 2641 φθεγ-

227 2652 334 2682 τώνιον
346 2654 489 2690 ἐκστῆναι
504 2655 559 2685 τοῦ
579 2655 743 2696 συνεδρίου.
782 2656 876 2687 Ἔνθα
891 2656 928 2694 δὴ
983 2658 1138 2701 ξαμένους,
1152 2659 1247 2690 οὕτως
1262 2655 1473 2697 ἐξελαύνουσιν
1488 2652 1630 2693 αἰσχρῶς.

227 2702 309 2742 μέγα
323 2701 652 2744 βοήσας-ἐξέτρεχεν.
711 2704 888 2744 Ξυνεξέθεον
902 2707 928 2737 δ’
