1872 3104
201 164 317 206 2056
642 177 892 209 RECENSUS
927 178 1208 210 EDITIONUM

253 275 372 314 rudes
387 287 474 314 cum
501 277 672 316 Jucundi
702 277 1036 328 explicationibus.
1092 278 1136 315 In
1157 278 1265 316 calce
1285 277 1523 326 adjiciuntur
1546 280 1651 318 Mar·

253 338 344 376 liani
372 339 493 377 Index
521 341 802 390 geographicns
829 347 867 378 et
898 342 1005 378 Bruti
1038 342 1193 379 Scholia
1226 356 1257 379 s.
1291 342 1442 380 libellus
1462 342 1648 381 variarum

251 401 461 440 lectionum
482 417 527 441 ex
549 404 636 441 cod.
659 404 888 441 Carrariensi
911 411 1007 441 msto
1028 405 1297 453 antiquissimo
1318 412 1355 441 et
1375 404 1437 442 ed.
1460 405 1654 455 Gryphia-

252 478 314 511 na,
348 479 394 504 ex
427 473 577 503 vetusto
611 467 747 505 codice
780 481 937 512 excusa,
975 468 1192 505 florentina
1230 476 1343 514 1511,
1393 469 1511 506 Paris.
1548 469 1650 506 Rob.

249 530 386 579 steph.
406 535 444 566 et
469 530 706 575 vas-cusani.
726 531 855 570 addita
875 531 1066 569 interdum
1087 532 1184 576 crisi,
1207 539 1245 570 et
1265 532 1440 578 lectione,
1463 546 1549 583 qua:
1570 533 1653 583 pla-

251 592 342 637 cuit,
366 593 525 629 stcllulis
546 600 690 630 notata.
750 595 938 632 Praestans
959 595 1091 632 editio.

207 654 306 698 1569
336 655 590 704 Argentorati.
626 663 686 695 12.
717 669 803 694 cum
825 657 978 694 scholiis
997 658 1121 696 Mich.
1141 658 1259 695 Bruti.

200 737 252 744 —
281 718 464 755 venetiis.
488 723 527 755 8.
549 732 611 768 ap.
631 718 789 765 Aldmn,
808 732 896 757 cnm
916 721 1071 758 scholiis
1092 722 1209 758 Henr.
1227 722 1423 759 Glareani.

202 786 303 823 1570
331 782 577 831 Antwerpiae.
622 788 659 821 8.
704 783 748 820 C.
771 783 862 821 Julii
883 784 1045 820 Caesaris
1073 785 1361 830 Commentarii‚
1397 786 1506 824 novis
1525 799 1653 824 emen-

250 844 473 882 dationibus
494 845 686 883 illnstrati.
730 846 917 894 Ejusdem
939 847 1135 892 librorum,
1159 848 1225 897 qui
1246 847 1529 896 desiderantur,
1550 850 1653 899 frag·

252 916 397 946 menta.
455 910 510 947 Ex
544 904 781 947 bibliotheca
804 910 925 948 Fulvii
948 911 1076 949 Ursini
1099 910 1271 948 Romani.
1331 912 1430 955 Quae
1449 918 1590 961 praeter
1607 924 1652 950 ea

249 971 286 1008 in
307 972 382 1010 hoc
402 972 500 1010 libro
521 974 800 1020 contineantur,
823 988 984 1025 sequens
1007 976 1143 1025 pagiua
1166 975 1366 1013 indicabit.
1405 975 1651 1026 Antwerpiae‚

250 1048 297 1072 ex
317 1035 467 1073 officina
487 1037 710 1087 Christoph.
748 1038 1078 1076 Plantini.—-Haec
1111 1039 1228 1076 editio
1254 1039 1382 1076 onmia
1404 1039 1533 1084 habet,
1564 1052 1650 1089 quae

251 1105 339 1136 sunt
358 1099 395 1136 in
416 1099 508 1137 edit.
531 1101 626 1138 Ven.
654 1102 765 1139 1566.
787 1109 824 1140 et
846 1109 1030 1151 praeterea
1067 1110 1100 1140 1.
1135 1103 1337 1153 epistolam
1361 1103 1481 1140 fulvii
1509 1103 1649 1148 Ursini,

252 1162 384 1200 Romae
408 1164 522 1209 1569.
557 1164 749 1215 scriptam,
783 1166 818 1202 in
841 1180 918 1215 qna
939 1167 1082 1212 scribit,
1117 1180 1155 1204 se
1177 1174 1265 1216 post
1293 1169 1434 1203 Anton.
1471 1166 1651 1216 Augusti·

247 1238 340 1263 num
362 1228 562 1276 collegisse
584 1229 745 1266 Caesaris
767 1229 994 1279 fragmenta,
1021 1238 1057 1268 et
1079 1243 1206 1280 operae
1226 1231 1388 1279 pretium
1410 1229 1533 1267 facere
1553 1229 1650 1267 arbi-

248 1296 388 1328 tratum
410 1304 506 1337 esse,
528 1293 556 1329 si
578 1306 673 1342 quas
695 1294 957 1331 correctiones
981 1295 1140 1331 eruisset
1162 1308 1207 1331 ex
1225 1294 1373 1344 optimo
1395 1293 1542 1337 codice,
1562 1300 1650 1331 ante

250 1363 448 1390 sexcentos
466 1354 544 1392 fere
561 1368 681 1393 annos
695 1357 851 1406 scripto,
864 1370 885 1394 a
902 1370 940 1394 se
961 1358 1128 1402 invento,
1148 1357 1212 1407 adj
1222 1357 1344 1394 unctis
1359 1356 1514 1394 Octavii
1539 1357 1652 1394 Pant-

249 1417 376 1465 agathi
405 1424 443 1454 et
464 1419 587 1456 Gabr.
612 1421 748 1457 Faerni
776 1421 1123 1466 emendationibus,
1154 1434 1243 1459 cum
1264 1421 1321 1464 iis,
1357 1434 1444 1470 quae
1478 1420 1651 1469 collegis-

247 1485 317 1524 set,
349 1481 510 1517 Caesaris
533 1482 763 1532 scriptorum
794 1484 1030 1535 fragmentis,
1065 1485 1103 1521 in
1133 1485 1254 1522 lucem
1275 1484 1416 1521 ederet.
1466 1490 1502 1522 Ω.
1534 1484 1649 1532 Frag-

245 1548 374 1580 menta
411 1543 474 1581 illa
507 1558 595 1582 cum
629 1546 759 1584 Ursini
789 1548 1119 1585 emendationibus
1154 1548 1189 1584 in
1223 1548 1429 1584 Caesarem.
1494 1546 1648 1584 Fulvius

245 1611 374 1644 tamen
397 1607 554 1645 Ursinus
572 1608 662 1646 furti
683 1610 835 1647 literarii
868 1611 1077 1648 incusatur.
1136 1611 1342 1659 Plerasque
1363 1610 1462 1646 enim
1481 1618 1590 1647 notas
1612 1610 1648 1647 in

247 1669 436 1707 Caesarern
466 1679 671 1722 acceperat
705 1686 726 1710 a
759 1674 871 1711 Petro
900 1675 1121 1719 Ciacconio,
1155 1687 1310 1723 easque,
1346 1685 1552 1722 suppresso
1572 1672 1649 1710 veri

245 1733 412 1770 auctoris
434 1735 596 1780 nomine,
619 1736 694 1773 suis
715 1736 934 1775 admiscuit.
977 1737 1038 1775 Cf.
1061 1737 1281 1774 Ilarlesium
1301 1737 1338 1773 in
1357 1735 1574 1774 Introduct.
1610 1737 1647 1774 in

244 1800 325 1833 not.
347 1796 401 1834 lit.
425 1798 536 1835 Rom.
558 1799 659 1836 Part.
684 1810 734 1838 11.
756 1813 795 1850 p.
818 1806 908 1839 204.

193 1880 243 1886 —-
275 1859 454 1899 Venetiis.
487 1868 521 1900 8.
545 1875 606 1913 ap.
631 1864 864 1902 Manutium.

194 1925 290 1964 1571
325 1923 552 1963 Lausannae.
587 1926 654 1964 sol.
689 1928 735 1964 C.
769 1928 861 1965 Julii
896 1927 1057 1965 Caesaris
1085 1926 1362 1965 Comtnentarii
1396 1933 1485 1976 post
1515 1939 1645 1964 omnes

244 1985 414 2022 omnium
433 1986 634 2033 editiones,
654 1997 836 2026 accurata
855 1990 1071 2035 sedulitate,
1088 1995 1125 2026 et
1145 2003 1291 2027 summa
1308 1989 1433 2026 denuo
1453 1989 1646 2038 vigilantia

243 2059 290 2084 ex
311 2047 514 2086 multorum
536 2057 615 2087 tam
636 2059 805 2089 veterum
826 2066 941 2102 quam
962 2053 1244 2090 neotericorum
1271 2052 1543 2103 exemplarium
1564 2053 1646 2090 col-

242 2109 384 2148 latione
414 2113 622 2158 emendati,
658 2124 696 2152 et
724 2116 998 2154 studiosissime
1033 2116 1218 2165 recogniti
1248 2128 1270 2152 a
1301 2117 1449 2154 Joanne
1481 2117 1645 2153 Rosseto

241 2174 536 2212 Aurimontano.
594 2177 724 2223 Hisce,
747 2192 835 2216 cum
856 2179 1037 2224 locorum,
1072 2179 1238 2224 urbium,
1269 2187 1307 2216 et
1326 2179 1557 2229 populorum
1577 2191 1645 2216 no-

239 2235 418 2282 minibus,
447 2244 485 2275 et
504 2240 824 2288 expositionibus,
853 2256 898 2279 ac
919 2243 1009 2280 item
1030 2255 1157 2280 rerum
1177 2249 1213 2279 et
1233 2242 1438 2279 verborum
1461 2242 1643 2292 copiosis-

239 2298 334 2336 simo
354 2299 500 2345 Indice,
527 2303 688 2341 accessit
710 2305 898 2343 variarum
918 2306 1127 2343 lectionum
1149 2305 1300 2343 libellus
1321 2319 1505 2355 perquam
1525 2305 1642 2350 utilis,

242 2362 378 2400 codem
400 2365 560 2402 Rosseto
595 2367 815 2406 collectore.
872 2370 1084 2407 Lausannae
1115 2370 1256 2407 excud.
1291 2370 1458 2407 Joannes
1492 2369 1641 2407 Probus

239 2426 579 2466 illustrissimorum
614 2431 805 2470 dominor.
849 2433 1097 2470 Bernensium
1133 2433 1169 2470 in
1191 2432 1348 2470 civitate
1382 2431 1639 2470 Lausanneusi

238 2493 676 2542 typographum-diuet
705 2497 864 2534 rariores
885 2497 1046 2535 Caesaris
1077 2496 1265 2534 editiones
1295 2497 1378 2534 haec
1399 2509 1475 2533 non
1495 2502 1638 2546 postre-

237 2566 341 2590 mum
363 2562 535 2606 occupat
554 2556 695 2595 locum.
753 2560 841 2610 Ipse
863 2560 1018 2610 quidem
1039 2560 1175 2606 editor,
1210 2559 1247 2597 in
1267 2560 1430 2610 epistola
1460 2558 1507 2596 ad
1536 2558 1639 2595 Con·

240 2618 357 2654 >ulem
380 2626 415 2656 et
431 2620 634 2659 Senatores
653 2623 753 2660 urbis
770 2624 1065 2670 LausannensiS,
1082 2637 1121 2662 se
1142 2624 1238 2661 hanc
1252 2624 1412 2662 Caesaris
1430 2620 1637 2659 editionem

237 2681 283 2715 ad
307 2680 421 2720 fidem
444 2691 614 2723 veterum
635 2686 828 2734 codicum,
863 2694 945 2727 tum
978 2688 1070 2726 olim
1103 2688 1252 2733 Romae,
1286 2691 1368 2724 tum
1393 2683 1507 2722 etiam
1529 2683 1633 2721 alibi»
