1872 3104
668 217 1006 247 LA‘NNi'rA'I'is.

154 324 225 352 prre
241 315 334 345 locum
351 313 381 343 G
399 311 510 351 iii‚23.
534 310 673 348 eligere.

157 359 205 386 rat
234 356 416 395 opinionem,
451 357 637 383 consecuta
666 357 741 384 erat
779 353 810 385 G

156 398 226 437 viii,
241 402 272 428 8.
316 405 422 436 capere
437 396 580 426 damnum
599 397 637 426 de
658 406 692 426 re
708 396 812 438 aliqua

155 441 186 472 G
204 440 270 475 viii,
290 442 340 469 ³0.

112 486 236 523 Caprea
249 482 279 511 G
296 481 340 513 vi.
355 482 407 511 27.

113 525 276 564 l‘euprwlus
292 523 318 554 C
333 523 366 560 li,
384 526 432 553 10.

111 569 226 606 Captus
250 565 356 596 subst.
378 567 409 597 G
439 566 483 604 iv,
509 569 541 598 8.
585 570 620 597 at
645 569 688 596 est
705 570 812 606 captus

151 608 386 647 Germanorum,
419 614 456 639 ut
489 618 550 648 pro
579 609 727 649 ipsorum
756 619 812 640 na-

149 655 235 687 tura,
262 650 387 689 indole,
411 651 591 691 instiiiiiiS,
607 650 680 682 fieri
698 657 810 691 potest

147 697 182 722 et
196 692 300 730 solet,
317 698 353 724 ut
381 693 471 724 iuter
488 704 545 724 eos
562 695 673 724 lucum
691 695 807 725 habet.

107 735 371 775 Caputfluminis,
388 737 508 767 ostium
527 737 558 768 G
577 737 621 775 iv,
640 740 689 767 10.
733 737 810 776 sori-

145 777 200 815 tis,
218 778 324 818 origo,
341 779 472 809 initium
489 779 521 810 G
539 780 609 817 viii,
626 782 677 810 41.
714 781 810 819 tigni,

145 821 345 851 extremitas
377 822 405 852 C
437 822 470 861 ii,
505 825 537 852 9.

145 861 296 893 homines
311 864 341 894 G
362 864 383 903 i,
399 866 453 897 29.

103 905 233 944 Carina,
248 904 361 936 infima
385 907 477 939 trabs
503 908 610 947 navis,
637 906 806 940 fundusG

147 947 197 985 iii,
214 950 265 979 13.
283 950 310 979 C
324 949 346 986 i,
359 952 412 979 5-1.

103 990 238 1030 Carpere
267 1001 389 1030 agmen,
418 991 618 1023 insectando
641 993 807 1032 minuere,

144 1033 267 1072 passim
299 1033 492 1065 interficere
523 1040 557 1064 et
587 1044 714 1074 capere
744 1035 806 1074 ei,

142 1076 196 1114 63,
210 1077 264 1105 68.
289 1076 335 1107 cf.
354 1086 384 1107 c.
402 1079 455 1107 6-1.
504 1077 559 1107 ubi
578 1076 666 1107 idem
684 1087 805 1117 agmen

138 1117 250 1156 proelio
264 1119 362 1158 premi
379 1119 516 1159 dicitur,
543 1124 579 1150 et
596 1130 624 1150 c.
644 1122 696 1151 78.
741 1130 807 1151 car-

139 1168 213 1198 pere
228 1165 259 1190 et
277 1160 436 1200 impedire.

99 1202 216 1232 Car-rus
232 1203 260 1234 G
281 1203 304 1241 i,
319 1206 349 1235 3.
373 1205 417 1242 iv,
445 1206 495 1235 14.
518 1204 630 1242 vi‚24.
662 1208 721 1236 aut
736 1215 805 1236 car-

139 1254 208 1275 rum
234 1245 266 1276 H
292 1249 324 1276 6.
349 1252 401 1277 est
419 1247 608 1278 vehiculum
626 1247 804 1279 Gallorum

139 1292 174 1317 et
193 1287 454 1321 Germanorum.

101 1329 183 1360 Casa
201 1329 232 1358 G
251 1341 282 1367 v,
299 1333 351 1362 43.

99 1371 284 1411 Castelluni,
301 1374 496 1413 praesidium
514 1375 648 1406 castelli
664 1374 690 1405 Α
705 1378 758 1406 42.

99 1413 276 1445 Castellum.
295 1416 361 1447 vid.
390 1417 433 1447 ad
451 1418 481 1447 G
497 1417 553 1457 vii,
565 1420 618 1448 69.
645 1418 672 1449 C
688 1418 736 1457 iii,
750 1421 803 1450 43.

101 1456 277 1496 Castigare,
294 1459 430 1497 gravius
457 1461 711 1500 reprehendere
736 1461 763 1492 C
780 1462 803 1501 i,

139 1501 170 1530 3.
194 1500 241 1540 iii,
265 1503 319 1531 57.

98 1541 224 1580 Castra,
248 1543 398 1582 hyberna
427 1544 458 1576 G
476 1544 523 1583 iii,
548 1547 577 1575 3.
624 1549 727 1576 castra
751 1555 804 1576 na-

138 1584 231 1624 valia,
251 1585 284 1616 in
302 1587 424 1626 quibus
440 1591 475 1617 et
492 1587 639 1618 tentoria
655 1592 744 1627 sunt,
767 1593 803 1618 et

141 1636 242 1658 naves
258 1628 452 1668 subductae,
466 1639 529 1660 uno
543 1630 632 1663 vallo
650 1639 804 1670 compre-

138 1669 252 1701 hensae
271 1671 302 1701 G
320 1681 352 1709 v,
372 1674 425 1702 22.
453 1671 498 1703 cf.
529 1682 560 1711 v,
587 1675 639 1702 11.
686 1673 805 1713 quintis

138 1713 250 1743 castris
263 1723 296 1743 co
308 1714 464 1754 pervenit,
488 1715 606 1754 quinto
634 1714 701 1750 die,
726 1724 802 1745 cum

141 1755 322 1795 quinquies
334 1755 458 1787 milites
475 1757 537 1787 sub
552 1757 709 1787 tentoriis
725 1766 802 1788 noc-

141 1801 178 1827 tu
203 1796 347 1829 fuissent
376 1798 407 1829 G
423 1798 480 1838 vii,
496 1801 548 1829 36.
568 1799 636 1829 viu.
664 1799 804 1830 Ciacco—

137 1839 212 1870 nius
248 1840 291 1870 ad
323 1840 354 1871 li.
387 1841 409 1871 l.
463 1846 566 1872 castra
602 1842 732 1880 statim,
767 1842 802 1872 in

138 1881 260 1922 quibus
278 1882 484 1923 aliquamdiu
508 1890 684 1915 morantur
701 1884 728 1915 C
755 1884 803 1924 iii,

138 1927 192 1962 30,
215 1927 279 1956 37.ι
293 1924 351 1956 Af.
379 1928 432 1957 26.
458 1925 513 1957 Cf.
541 1927 636 1967 Lips.
660 1926 704 1957 de
731 1927 800 1958 mil.

136 1967 235 1998 Rom.
265 1967 296 1999 G
321 1978 354 2008 v,
385 1971 413 2000 1.
435 1972 538 2000 castra
560 1978 661 2000 sensu
679 1969 801 2000 latissi-

135 2018 189 2041 mo
202 2009 260 2041 Af.
277 2013 330 2042 38.

97 2053 206 2091 sasas,
236 2062 309 2083 casu
338 2063 449 2093 magno
479 2054 607 2092 accidit,
637 2063 701 2094 pro
733 2064 799 2094 quo

137 2095 239 2134 paulo
255 2100 330 2133 post
345 2096 482 2136 legitur,
503 2106 624 2135 magnoe
642 2096 714 2134 fuit
728 2096 800 2135 for-

138 2139 222 2167 tanoe
238 2137 270 2167 G
287 2138 330 2177 vi,
345 2139 398 2169 30.
422 2137 475 2169 Cf.
492 2138 576 2169 ibid.
594 2148 623 2173 c.
649 2142 701 2171 35.
720 2140 748 2171 C
764 2140 798 2180 ii,

100 2222 277 2261 Catapulta,
291 2221 444 2253 machina
460 2222 596 2263 bellica,
612 2223 699 2254 unde
714 2224 799 2264 lapi-

140 2263 200 2294 des
224 2269 428 2305 torquentur
445 2264 498 2296 Af.
517 2267 569 2297 31.
594 2267 622 2298 C
638 2267 674 2306 ii,
689 2269 720 2298 9.
743 2266 797 2298 Cf.

140 2306 276 2337 Vitruv.
295 2317 328 2345 x,
352 2310 388 2337 15
402 2318 476 2348 sqq.

98 2349 294 2390 catascopus,
307 2348 514 2389 κατάσκοπος,
530 2350 597 2382 vid.
613 2351 655 2382 ad
669 2351 725 2382 Af.
744 2355 797 2384 26.

98 2391 221 2422 Causa:
252 2393 286 2423 in
314 2394 417 2424 eadem
455 2403 545 2424 causa
571 2394 800 2434 (conditione)

129 2433 262 2471 fuerunt
293 2435 324 2466 G
348 2435 395 2474 iv,
426 2439 457 2467 4.
511 2436 693 2468 Omittiiur
719 2443 800 2478 post

138 2477 317 2517 genitivos,
349 2483 383 2508 ut
414 2489 489 2509 cum
517 2479 654 2518 dicitur,
679 2481 799 2511 destru-

137 2520 209 2552 endi
237 2521 338 2560 operis
362 2531 453 2552 causa
480 2521 510 2552 A
540 2525 594 2559 17,
617 2526 649 2561 5,
671 2525 703 2553 8.
730 2523 798 2554 vid.

138 2561 363 2603 Oudendorp.
393 2564 434 2594 ad
465 2564 497 2595 G
530 2564 574 2603 iv,
602 2567 632 2594 1.
677 2565 734 2595 Sic
764 2570 800 2596 et

138 2603 253 2678 ἳνα-εἰ
282 2606 445 2637 omittunt
466 2604 566 2638 ἕνεκα.
592 2605 645 2638 Cf.
662 2607 689 2638 C
705 2607 728 2647 i,
745 2609 798 2639 82.

100 2687 232 2721 Camala
256 2693 386 2731 pan-ula
402 2691 461 2723 Af.
478 2694 530 2723 54.

100 2731 320 2806 &geben-xnus
346 2735 438 2776 locus,
466 2735 657 2767 hominibus
697 2734 799 2766 abun-

166 2783 224 2805 ans
240 2800 249 2806 .
282 2778 314 2807 2.

727 321 809 351 cepe-

597 823 712 863 capita,
745 824 809 864 ipsi

1467 210 1561 251 xliii

864 312 991 349 emm,
1007 320 1073 352 quo
1088 310 1259 344 hominum
1274 320 1434 343 numerus
1462 315 1564 348 initur

906 354 935 385 G
956 354 978 391 i,
989 356 1042 384 29.

864 397 973 435 Cento,
989 396 1087 426 vilior
1100 405 1243 436 pannus,
1259 406 1324 437 quo
1343 396 1420 437 quid
1438 399 1565 439 tegitur

905 439 932 470 C
950 439 983 476 ii,
998 440 1030 476 9,
1055 442 1104 468 10.
1129 438 1223 477 ciii,
1239 442 1291 469 44.

863 480 1042 511 Cerimonia
1067 481 1176 519 gratis
1193 481 1222 511 G
1239 482 1294 519 vii,
1310 484 1341 512 2.

863 524 977 554 fertus
1004 526 1121 562 centus,
1148 533 1190 553 ex
1219 524 1338 555 eadem
1368 524 1467 564 plaga
1495 526 1564 566 spi-

906 575 993 605 rans,
1011 565 1067 607 qui
1085 576 1151 596 non
1169 572 1321 598 mutatur
1343 567 1374 597 iu
1393 567 1493 599 horas
1505 568 1563 601 Af.

863 651 1016 689 Cerricrs,
1048 660 1187 681 numero
1213 651 1335 691 plurali
1369 662 1429 692 pro
1453 653 1564 694 singu-

905 693 979 731 lari,
1018 699 1054 724 ut
1103 694 1325 734 antiquissimi
1365 695 1564 738 plerumque

906 741 1113 776 usurparunt
1129 737 1160 767 H
1174 739 1227 767 20.

863 779 980 809 Cervus
998 781 1031 809 in
1049 788 1082 809 re
1100 779 1237 810 militari
1254 779 1286 810 G
1300 778 1356 817 vii,
1368 781 1422 809 72.

864 822 1011 852 Cetratus
1038 822 1065 852 C
1082 821 1103 860 i,
1119 824 1172 856 39.
1195 824 1248 851 48.
1295 821 1352 861 qui
1370 826 1483 861 gestat
1510 831 1564 854 ce-

905 869 1004 903 tram,
1028 864 1059 894 h.
1083 873 1112 894 e.
1135 868 1278 894 *scutum
1296 863 1439 902 loreum⁷
1463 865 1563 906 idque

902 906 1020 936 levius.
1044 906 1140 936 Serv.
1163 905 1203 935 ad
1220 905 1318 945 Virg.
1337 905 1400 936 Anu
1419 907 1475 946 vii,
1490 910 1566 939 732.

861 947 979 985 Chara,
996 947 1094 978 radix
1112 948 1265 988 quaedam
1290 948 1316 979 C
1336 949 1383 987 iii,
1398 951 1450 979 48.
1496 949 1564 981 Sed

900 990 1008 1021 lectio
1025 995 1078 1020 est
1106 990 1250 1021 incerta.

858 1032 987 1064 Cibaria
1010 1033 1130 1069 molita,
1155 1032 1264 1063 farina
1281 1032 1311 1064 G
1329 1033 1351 1072 i,
1376 1036 1405 1064 5.
1443 1033 1482 1064 In
1501 1034 1564 1066 Gr.

900 1076 1109 1116 metaphrasi
1140 1075 1269 1115 ἄλφιτα.
1326 1076 1454 1107 Contra
1490 1077 1563 1108 Liv.

899 1119 971 1157 xxi,
986 1122 1037 1149 49.
1062 1119 1120 1150 cib.
1137 1123 1233 1150 cocta.

859 1161 981 1201 Cippus
1011 1162 1042 1192 G
1072 1162 1129 1200 vii,
1157 1164 1210 1192 43.
1257 1163 1316 1191 Pr.
1347 1166 1399 1191 est
1427 1165 1565 1192 truncus

900 1209 1048 1243 erectus,
1085 1204 1208 1235 deinde
1248 1203 1439 1242 columella,
1479 1203 1566 1244 lapis

900 1251 1047 1286 erectus,
1063 1246 1098 1276 in
1112 1248 1290 1287 sepulcris,
1304 1246 1456 1276 terminis
1470 1255 1565 1286 agro-

900 1298 986 1319 rum.

858 1331 1015 1369 Circinus,
1031 1331 1306 1369 instrumentum,
1332 1341 1398 1371 quo
1415 1330 1563 1362 circulus

900 1373 1109 1404 describitur
1126 1374 1156 1405 G
1176 1374 1198 1412 i,
1216 1377 1269 1405 38.

857 1416 1008 1454 Cir-citer,
1024 1416 1222 1447 adverbium
1252 1417 1283 1448 G
1301 1417 1337 1456 ii,
1355 1418 1408 1446 32.
1435 1414 1492 1446 Af.
1508 1416 1562 1446 89.

858 1459 1014 1489 Cir-calari
1037 1459 1210 1494 dicuutur,
1227 1460 1283 1499 qui
1313 1458 1502 1489 consistunt
1530 1457 1564 1488 in

898 1501 1034 1531 circulis
1052 1501 1269 1542 colloquendi
1297 1510 1399 1532 causa
1427 1501 1453 1532 C
1469 1500 1493 1539 i,
1509 1502 1563 1531 64.

899 1543 972 1573 Cic.
991 1544 1089 1573 Brut.
1115 1553 1142 1574 c.
1161 1548 1214 1574 54.

857 1586 1086 1616 Circumcidere
1127 1587 1270 1626 cespitem
1300 1584 1506 1624 ferramentis
1531 1584 1563 1616 G

898 1638 930 1665 v,
957 1631 1011 1659 42.
1044 1629 1245 1660 circumcisus
1271 1629 1366 1667 collis,
1397 1627 1562 1668 ἀπότομος,

898 1671 979 1701 steil
996 1671 1026 1702 G
1046 1671 1103 1709 vii,
1119 1674 1170 1702 36.

857 1712 1106 1743 Circumcludere
1121 1716 1248 1750 ‹ir-ganto
1267 1713 1298 1744 G
1318 1713 1361 1751 vi,
1373 1716 1427 1743 28.

857 1755 1059 1785 Circumdala
1072 1756 1184 1794 palude
1198 1758 1286 1795 sylva
1303 1755 1333 1786 G
1353 1755 1421 1790 viii,
1437 1757 1468 1785 7.
1506 1754 1562 1785 Sic.

902 1802 938 1827 et
965 1797 1047 1828 alias
1071 1799 1275 1835 circumdare,
1303 1802 1341 1828 ut
1363 1797 1474 1838 oppido
1497 1806 1563 1828 inu·

896 1839 1032 1870 nitiones
1065 1840 1096 1872 G
1129 1840 1198 1879 viii,
1230 1842 1281 1871 3-1.
1333 1839 1562 1870 multitudinem

897 1881 956 1912 Af.
975 1885 1027 1913 74.

856 1924 1076 1963 Circumjicere
1091 1925 1208 1955 milites
1223 1925 1370 1955 moenibus
1387 1924 1419 1955 G
1436 1924 1472 1963 ii,
1489 1927 1520 1954 5.

856 1966 1038 2007 Circamiri,
1056 1967 1188 2006 passive
1213 1967 1245 1998 G
1263 1967 1313 2006 iii,
1329 1970 1380 1997 25.
1404 1967 1431 1998 C
1446 1967 1494 2007 iii,
1508 1968 1561 1998 9-1.

896 2008 952 2040 Af.
968 2012 1020 2043 14.
1037 2012 1090 2040 83.

855 2052 1104 2083 Circummunire
1119 2051 1151 2083 G
1168 2052 1204 2091 ii,
1223 2054 1275 2082 30.
1313 2050 1563 2082 circummunita»

897 2095 923 2126 C
941 2095 963 2133 i,
982 2097 1032 2125 19.

856 2137 1116 2168 Circumscribere
1141 2137 1284 2177 aliquem,
1315 2136 1490 2175 coercere,
1520 2145 1561 2168 ne

895 2190 955 2210 suo
981 2181 1073 2219 jure,
1106 2190 1233 2221 suaque
1260 2178 1425 2210 libertate
1456 2179 1563 2220 possit

894 2223 943 2253 uti
963 2223 989 2253 C
1007 2223 1028 2260 i,
1047 2225 1100 2253 32.

853 2265 1099 2305 Circumspicere
1114 2274 1156 2301 se,
1172 2264 1342 2305 respicere
1358 2264 1401 2296 ad
1416 2273 1466 2304 se,
1486 2273 1562 2305 pro-

894 2309 1028 2348 spicere
1044 2308 1107 2338 sibi
1124 2306 1182 2338 Af.
1204 2311 1257 2338 47.

853 2350 1085 2382 Circumvenire
1101 2351 1205 2381 urbem
1228 2350 1317 2390 vallo,
1340 2350 1479 2391 cingere
1495 2348 1523 2380 C
1540 2348 1561 2386 i,

895 2396 946 2426 18.
969 2393 1026 2424 Sic
1043 2394 1072 2425 li.
1089 2393 1110 2423 l.
1128 2393 1228 2424 codd.

854 2436 989 2474 Gnatus,
1006 2437 1097 2467 celer
1111 2435 1141 2466 G
1159 2436 1204 2474 iv,
1234 2438 1284 2466 10.
1321 2434 1455 2473 citatim,
1471 2433 1560 2464 cele-

896 2479 924 2509 ri
950 2479 1073 2510 itinere
1087 2477 1146 2508 Af.
1164 2481 1216 2509 80.

854 2521 989 2559 Civitas,
1009 2523 1064 2551 der
1078 2521 1183 2557 Stant,
1199 2520 1301 2550 I'Etat
1319 2520 1349 2550 G
1370 2519 1390 2557 i,
1403 2521 1435 2548 2.
1480 2525 1558 2547 nam

893 2563 1051 2594 civitates
1073 2564 1216 2594 Gallica}
1239 2563 1270 2592 in
1288 2570 1392 2602 pagos
1415 2564 1495 2590 sunt
1510 2558 1559 2589 di-

893 2605 986 2642 visae,
1011 2605 1088 2645 pagi
1118 2605 1294 2635 continent
1320 2602 1455 2642 oppida.
1499 2600 1557 2633 Sic

897 2653 931 2677 et
948 2648 1058 2677 civitas
1074 2649 1282 2677 Arvernorum
1301 2645 1330 2677 G
1352 2645 1406 2682 vii,
1422 2647 1441 2675 4
1458 2647 1528 2674 etc.

856 2689 946 2720 Clam
961 2690 1106 2730 aliquem,
1123 2690 1153 2720 Η
1173 2692 1205 2727 3,
1218 2695 1253 2720 et
1267 2697 1357 2729 sa‘pe
1371 2687 1464 2725 aubi.

855 2733 991 2763 Classem
1007 2732 1124 2771 facere,
1143 2741 1261 2772 parare
1279 2731 1310 2762 G
1327 2731 1372 2768 iv,
1385 2732 1439 2761 21.
1484 2739 1488 2743 ·

854 2775 1036 2815 Classici-ii,
1051 2775 1174 2806 milites
1183 2775 1217 2805 in
1231 2775 1336 2805 classe
1349 2772 1379 2803 A
1392 2773 1435 2803 20
