1872 3104
275 180 388 221 1914
743 194 785 222 c.
817 192 856 223 J.
888 192 1105 224 cAESAms
1140 193 1273 225 vl'rA.

274 286 474 333 ἱερωσύνην
493 287 746 338 περιμάχητον
765 287 882 326 οὖσαν
899 288 1099 337 Ἰσαυρικοῦ
1118 291 1176 326 καὶ
1196 289 1347 326 Κάτλου
1366 290 1578 339 μετιόντων,
1597 290 1726 340 ἐπιφα-

273 354 458 387 νεστάτων
472 351 615 399 ἀνδρῶν
632 355 690 388 καὶ
707 357 886 402 μέγιστον
907 355 947 389 ἑν
965 353 1088 406 βουλῇ
1107 353 1334 400 δυναμένων,
1357 355 1425 404 οὐχ
1441 354 1586 398 ὑπεῖξεν
1605 355 1727 390 αὐτοῖς

271 415 290 450 ὁ
319 414 482 462 Καῖσαρ,
503 418 604 452 ἀλλὰ
633 416 798 463 καταβὰς
818 419 867 453 εἷς
887 416 950 453 τὸν
969 415 1086 466 δῆμον
1101 418 1116 435 ²
1148 419 1516 464 ἀντιπαρήγγελλεν.
1571 415 1725 466 Ἀγχω-

269 479 392 527 μάλου
408 477 449 515 δὲ
464 485 523 521 τῆς
544 478 698 523 σπουδῆς
716 485 951 530 φαινομένης,
968 481 987 516 ὁ
1008 481 1154 517 Κάτλος
1170 480 1243 516 ἀπὸ
1263 482 1435 530 μείξονος
1455 481 1557 521 ἀξίας
1577 482 1727 528 μᾶλλον

270 540 438 589 ὀῤῥωὸῶν
459 544 523 585 τὴν
543 541 769 588 ἀδηλότητα,
791 545 1030 593 προσέπεμψε
1051 546 1188 581 πείθων
1218 546 1424 587 ἀποστῆναι
1453 544 1516 580 τὸν
1548 544 1725 592 Καίσαρα

1561 605 1575 628 ἱ

270 614 331 649 τῆς
349 607 557 655 φιλοτιμίας
585 608 646 642 ἐπὶ
674 609 828 644 πολλοῖς
859 610 1063 657 χρήμασιν.
1119 606 1167 645 ‘O
1188 607 1229 644 δὲ
1248 610 1306 644 καὶ
1327 610 1442 643 πλείω
1461 608 1726 655 προσιανεισό-

269 683 377 718 μενος
398 670 464 719 ἔφη
486 667 782 716 διαγωνιεῖσθαι.
838 670 913 713 Τῆς
934 670 962 707 δ’
982 673 1118 720 ἡμέρας
1136 672 1330 715 ἐνστάσης,
1361 671 1419 706 καὶ
1439 676 1499 713 τῆς
1516 670 1646 718 μητρὸς
1666 671 1726 706 ἐπὶ

269 734 332 769 τὰς
346 731 455 781 θύρας
475 734 587 770 αὑτὸν
606 734 668 768 οὐκ
688 731 862 781 ἀδακρυτὶ
881 735 1179 783 προπεμπούσης,
1208 735 1476 784 ἀσπασάμενος
1516 735 1643 778 αὑτήν·
1674 731 1726 770 Ὠ

266 804 393 845 μῆτερ,
426 793 543 841 εἶπεν,
576 801 732 846 τήμερον
768 796 790 839 ἢ
818 799 997 847 ἀρχιερέα
1024 798 1088 834 τὸν
1117 798 1211 842 υἱὸν,
1243 800 1265 842 ἢ
1303 797 1479 848 φυγάδα3
1511 798 1609 845 ὄψει.
1665 797 1727 834 Δι-

268 861 484 909 ενεχθείσης
503 859 544 897 δὲ
556 869 618 905 τῆς
637 862 772 911 ψήφου,
786 862 844 896 καὶ
864 863 1068 909 γενομένης
1086 862 1262 910 ἁμίλλης,
1275 862 1462 908 ἐκράτησε,
1478 864 1536 898 καὶ
1557 865 1726 912 παρέσχε

227 967 232 972 ·
267 926 310 977 τῇ
328 922 451 976 βουλῇ
483 926 541 960 καὶ
570 930 642 962 τοῖς
669 927 830 973 ἀρίστοις
847 923 978 975 φόβον,
1001 927 1046 961 ὡς
1065 925 1124 960 ἐπὶ
1144 929 1221 960 πᾶν
1240 924 1460 973 θρασύτητος
1479 926 1643 973 προάξων
1661 926 1727 963 τὸν

267 984 398 1036 δῆμον.
459 987 580 1026 ”Οθεν
617 989 650 1026 οἱ
689 990 769 1037 περὶ
802 987 1014 1025 Πείσωνα*
1051 990 1108 1024 καὶ
1143 988 1297 1025 Κάτλον
1331 990 1485 1041 ᾐτιῶντο
1522 988 1725 1037 Κικέρωνα,

266 1051 496 1101 φεισάμενον
530 1053 720 1101 Καίσαρος
752 1054 793 1089 ἐν
823 1057 896 1090 τοῖς
927 1054 1007 1100 περὶ
1038 1053 1251 1090 Κατιλίναν
1281 1052 1409 1100 λαβὴν
1435 1054 1723 1102 παρασχόντος.5

264 1112 312 1152 Ὀ
331 1116 403 1163 γὰρ
425 1114 468 1160 δὴ
489 1116 709 1161 Κατιλίνας,
731 1119 772 1153 οὐ
804 1117 920 1165 μόνον
948 1118 1014 1159 τὴν
1044 1118 1239 1153 πολιτείαν
1257 1115 1507 1166 μεταβαλεῖν,
1523 1118 1610 1152 ἀλλ’
1630 1116 1725 1161 ὅλην

265 1179 419 1215 ἀνελεῖν
450 1181 517 1223 τὴν
551 1181 769 1230 ἡγεμονίαν,
800 1182 856 1217 καὶ
891 1181 1013 1217 πάντα
1033 1182 1077 1217 τὰ
1097 1181 1300 1230 πράγματα
1322 1185 1484 1231 συγχέαι
1504 1179 1721 1225 διανοηθεὶς,

265 1243 373 1280 αὐτὸς
398 1243 468 1292 μὲν
496 1244 648 1288 ἐξέπεσε
668 1247 909 1291 περιπταίσας
928 1245 1121 1280 ἐλάττοσιν
1139 1245 1324 1294 ἐλέγχοις,
1359 1244 1427 1293 πρὸ
1447 1252 1509 1280 τοῦ
1530 1246 1591 1280 τὰς
1609 1244 1724 1295 ἐσχά-

264 1321 328 1343 τας
361 1308 474 1343 αὺτοῦ
505 1305 646 1352 βουλὰς
675 1309 993 1359 ἀποκαλυφθῆναι·
1024 1308 1201 1345 Λέντλον
1234 1307 1276 1344 δὲ
1309 1310 1366 1344 καὶ
1400 1308 1576 1355 Κέθηγον
1607 1309 1649 1344 ἑν
1677 1311 1722 1361 τῇ

264 1370 373 1406 πόλει
393 1368 588 1420 διαδόχους
607 1373 769 1408 ἀπέλιπε
789 1378 847 1415 τῆς
870 1375 1112 1420 συνωμοσίας,
1133 1369 1185 1409 οἷς
1216 1373 1248 1408 εἰ
1281 1372 1351 1420 μὲν
1371 1371 1484 1422 κρύφα
1511 1376 1670 1423 παρεῖχε
1689 1374 1722 1410 τὶ

266 1435 422 1482 θάρσους
441 1436 501 1470 καὶ
519 1432 707 1484 δυνάμεως
727 1435 746 1470 ὁ
766 1435 932 1484 Καῖσαρ,
955 1434 1090 1480 ἄδηλός
1109 1437 1223 1472 ἐστιν·
1239 1433 1256 1458 ⁶
1295 1436 1336 1471 ἑν
1357 1434 1398 1471 δὲ
1417 1439 1459 1489 τῇ
1488 1435 1611 1487 βουλῇ
1630 1438 1722 1473 κατὰ

265 1497 388 1544 κράτος
421 1498 706 1549 έξελεχθέι’των,
743 1500 801 1536 καὶ
834 1499 1038 1548 Κικέρωνος
1071 1507 1134 1536 τοῦ
1167 1500 1305 1536 ὑπάτου
1340 1500 1488 1548 γνώμας
1521 1501 1720 1548 ἐρωτῶντος

262 1562 343 1609 περὶ
364 1562 549 1599 κολάσεως
568 1563 737 1607 ἕκαστον,
764 1562 799 1599 οἶ
834 1563 905 1612 μὲν
936 1564 1046 1599 ἄλλοι
1076 1566 1190 1614 μέχρι
1218 1563 1407 1612 Καίσαρος
1441 1566 1625 1601 θανατοῦν
1644 1564 1721 1599 ε’κέ-

924 1701 1064 1734 NOTAE

261 1785 374 1823 Vatia,
401 1796 431 1816 a.
449 1786 528 1818 Chr.
545 1789 596 1818 70.
621 1789 756 1828 Consul,
781 1794 851 1820 tum
879 1790 963 1821 Pro-

259 1836 377 1865 consul
405 1836 439 1866 in
467 1837 600 1876 Cilicia,
627 1839 701 1879 (ubi
730 1840 846 1870 Caesar
869 1840 963 1871 brevi

258 1890 412 1926 tempore
429 1887 490 1917 sub
518 1898 557 1918 co
586 1888 724 1927 meruit)
749 1899 790 1920 ex
817 1890 963 1921 victoria

257 1945 424 1975 agnomen
457 1937 595 1968 Isaurici
634 1944 754 1969 nactus
793 1945 858 1971 est.
918 1942 960 1974 Q.

258 1986 418 2016 Lutatius
445 1987 585 2017 Catulus
612 1986 649 2023 ἦν
677 1987 733 2024 μὲν
759 1989 791 2018 ἐν
816 1989 961 2028 ἀξιώματι

255 2035 452 2076 σωφροσύνης
468 2036 517 2066 καὶ
534 2037 725 2074 δικαιοσύνης
739 2037 887 2077 μέγιστος
899 2042 962 2070 τῶν

254 2085 329 2117 τότε
365 2086 527 2124 Ῥωμαίων,
576 2087 662 2117 ΡΙιιί.
695 2088 805 2127 Pomp.
847 2099 876 2119 c.
908 2093 958 2119 16.

255 2137 382 2168 Consul
398 2136 463 2168 fuit
479 2140 531 2168 7⁸.
559 2147 588 2168 a.
604 2138 684 2169 Chr.
713 2148 787 2169 cum
815 2140 960 2180 Lepido,

255 2197 354 2227 quem
371 2188 463 2228 Sylla
482 2187 538 2217 τὸν
553 2185 676 2218 πάντων
690 2187 847 2226 κάκιστον,
871 2190 959 2221 sicut

255 2239 412 2269 Catulum
439 2237 495 2269 τὸν
520 2237 643 2268 πάντων
658 2237 793 2279 ἄριστον,
809 2240 957 2280 dicebat,

255 2288 368 2327 Pomp.
386 2298 415 2319 c.
435 2291 484 2319 15.

296 2341 316 2369 2
340 2337 390 2369 Εἷς
403 2338 459 2368 τὸν
474 2339 582 2379 δῆμον]
621 2339 756 2372 A.Chr.
783 2344 837 2372 63.
862 2342 957 2373 Cice-

254 2398 335 2419 rone
363 2390 509 2420 Consule
535 2390 575 2421 T.
594 2389 636 2421 A.
656 2391 824 2422 Labienus
852 2392 956 2423 tribn-

251 2448 315 2469 nus
332 2439 452 2479 plebis,
473 2444 652 2480 postquam
681 2441 852 2473 Rabirium
882 2453 956 2483 pcr—

252 2489 430 2521 duellionis
459 2491 599 2522 crimine
627 2497 815 2531 accusarat,
844 2493 955 2533 legem

251 2540 438 2571 Domitiam
456 2541 497 2572 dc
526 2541 724 2573 sacerdotiis
751 2543 782 2573 in
812 2544 954 2574 Caesaris

251 2591 393 2628 gratiam
412 2592 617 2623 restituebat
633 2592 692 2633 (cf.
711 2593 845 2624 Ernest.
860 2595 953 2626 Clav.

252 2640 343 2680 Cic.)
381 2652 400 2672 a
438 2643 530 2682 Sylla
557 2642 736 2682 sublatam,
764 2648 801 2674 ut
830 2644 952 2675 iterum

251 2689 436 2721 Pontifices
449 2692 573 2732 aliique
585 2693 792 2731 sacerdotes,
806 2693 860 2734 qui
875 2699 953 2725 ante

251 2749 271 2769 a
298 2740 440 2780 collegio
467 2741 592 2782 quique
613 2751 673 2772 suo
689 2743 953 2783 cooptabantur,

1017 1789 1160 1821 comitiis
1177 1789 1216 1820 P.
1235 1789 1276 1820 R.
1293 1788 1512 1829 eligerentur.

1059 1843 1077 1870 3
1109 1839 1150 1869 Ἣ
1181 1838 1320 1880 φυγάδα]
1364 1839 1515 1878 Propter
1545 1837 1717 1878 ingentem

1015 1891 1082 1921 vim
1101 1891 1178 1921 teris
1196 1890 1306 1921 alieni.

1058 1945 1076 1972 4
1102 1942 1140 1972 Οἱ
1154 1941 1221 1981 περὶ
1237 1939 1391 1980 Πείσωνα]
1437 1939 1545 1980 Legas
1569 1938 1718 1970 Sallustii

1017 1992 1112 2032 Conj.
1131 1992 1230 2023 Catil.
1246 2001 1276 2021 c.
1292 1994 1346 2021 45.

1058 2046 1075 2071 5
1100 2041 1207 2078 Λαβῆν
1221 2040 1452 2081 παρασχόντος]
1496 2040 1574 2071 Non
1597 2041 1716 2079 solum,

1015 2103 1090 2123 cum
1117 2093 1157 2123 P.
1176 2093 1277 2123 Corn.
1296 2092 1474 2123 Lentulum
1491 2092 1609 2122 Suram
1627 2096 1662 2121 et
1677 2092 1717 2122 C.

1015 2143 1203 2183 Cethegum
1234 2142 1402 2183 supplicio
1431 2151 1495 2172 non
1526 2140 1718 2172 multandos

1013 2198 1182 2231 censeret,
1207 2193 1266 2223 sed
1295 2192 1384 2233 quod
1401 2192 1503 2222 etiam
1520 2191 1608 2222 inter
1624 2191 1717 2223 Cati-

1012 2243 1089 2273 linae
1128 2243 1234 2273 socios
1274 2242 1463 2273 nominatus
1491 2246 1591 2280 esset,
1621 2251 1640 2271 a
1671 2243 1714 2274 Q.

1013 2293 1118 2323 Curio
1143 2294 1176 2323 in
1191 2297 1323 2332 senatu,
1341 2302 1358 2323 c
1376 2291 1524 2323 Catilina
1539 2300 1573 2321 se
1590 2300 1716 2332 cogno-

1011 2342 1101 2373 visse
1127 2342 1276 2381 dicente,
1302 2346 1337 2372 et
1365 2351 1383 2371 a
1413 2342 1450 2371 L.
1477 2340 1594 2371 Vettio
1623 2341 1713 2382 apud

1011 2399 1226 2434 quaestorem,
1253 2392 1309 2432 qui
1338 2392 1440 2423 etiam
1457 2391 1714 2432 chirographum

1011 2444 1098 2483 ejus,
1127 2443 1282 2474 Catilinae
1312 2443 1441 2480 (latum,
1474 2441 1712 2481 pollicebatur.

1011 2494 1126 2525 Cwsar
1152 2504 1186 2524 se
1213 2493 1386 2525 Ciceronis
1404 2492 1608 2531 testimonio,
1624 2501 1713 2533 quae-

1011 2544 1085 2575 dam
1104 2555 1138 2575 se
1157 2545 1198 2575 de
1215 2543 1448 2584 conjuratione
1465 2543 1554 2574 ultro
1568 2541 1610 2571 ad
1633 2551 1710 2572 eum

1009 2595 1182 2634 detulisse,
1206 2594 1425 2626 defendebat.
1469 2593 1556 2623 Suet.
1572 2592 1642 2624 Jul.
1660 2595 1710 2624 17.

1009 2646 1063 2676 De
1092 2645 1326 2685 conjuratione
1355 2641 1555 2676 Catilinaria
1582 2642 1709 2673 tirones

1008 2697 1133 2727 adeant
1146 2696 1351 2727 Sallustium.

1050 2750 1070 2777 6
1087 2745 1235 2785 Ἀδηλος]
1267 2746 1305 2777 C.
1323 2745 1365 2775 V.
1381 2740 1495 2780 ἄδηλόν
1510 2742 1605 2774 ἐστιν.
