1872 3104
252 155 365 198 2000
740 166 941 197 Josnrm
978 166 1240 195 scithicum

262 263 571 305 Constantinus
594 261 786 315 Magnus
816 262 1020 302 institutis
1044 264 1229 314 quatuor
1249 260 1470 314 praesectis
1497 262 1716 314 praetorio,

256 332 428 372 duobus
469 332 515 372 in
555 331 744 379 Oriente,
786 330 961 371 totidem
1003 331 1043 371 in
1080 328 1332 377 (Jecidente,
1369 328 1546 368 alterum
1588 328 1719 370 Occi-

258 400 396 441 dentis
418 400 459 439 in
490 400 594 439 urbe
618 399 777 447 Roma,
801 398 978 438 alterum
1001 398 1043 436 in
1065 397 1168 436 urbe
1190 396 1447 436 'l‘rcverensi
1470 395 1720 445 collocavit,

257 471 330 521 qui
365 468 598 522 praefectus
631 467 837 519 praetorio
870 465 1113 506 Galliarum
1151 471 1334 507 vocatus
1373 466 1469 508 suit.
1531 466 1585 506 Et
1617 467 1722 520 quia

255 551 335 592 per
355 535 668 587 occupationes
701 533 878 586 Imperii
914 535 957 574 in
985 534 1070 574 illis
1103 534 1284 574 urbibus
1319 537 1530 587 perpetuo
1559 534 1722 574 haerere

258 605 345 646 illis
367 616 453 642 non
475 601 652 649 licebat,
674 601 826 640 vicarii
851 601 1016 654 aliquot
1036 601 1101 641 cis
1124 602 1317 642 attributi
1341 604 1455 650 sunt,
1477 601 1551 654 qui
1572 600 1723 641 cadem

259 674 474 724 potestate
495 668 732 721 provinciis
748 667 823 720 jus
854 667 1092 708 redderent.
1140 667 1356 709 Praesecto
1376 668 1507 720 igitur
1527 666 1722 719 praetorii

259 738 504 778 Galliarum
543 740 630 775 tres
668 734 823 774 vicarii
852 734 957 775 dati.
1016 735 1166 775 Primo
1199 735 1328 776 sedes
1362 735 1467 776 data
1505 733 1723 783 Treveris,

258 804 449 846 secundo
472 801 689 854 Lugduni,
711 801 836 841 tertio
857 801 1059 841 Viennae.
1121 800 1276 853 Itaque
1298 807 1345 842 ut
1367 802 1517 842 horum
1539 803 1724 843 vicario-

258 885 352 914 rum
381 884 540 923 magna
570 874 664 910 erat
694 870 943 917 auctoritas,
975 869 1035 909 ita
1064 868 1236 908 urbium
1269 881 1459 921 quoque,
1491 868 1534 907 in
1565 871 1725 922 quibus

261 940 406 981 sedem
425 938 660 985 habebant,
682 936 874 976 maxima
895 935 1087 975 claritas,
1146 933 1586 991 Trevercnsiyicario
1602 948 1727 988 pare-

260 1008 367 1047 bant
397 1007 550 1058 primae
591 1008 633 1044 ct
661 1003 868 1043 secundae
893 1002 1131 1043 Germania
1161 1006 1202 1041 et
1224 1002 1418 1053 Belgica,
1442 1006 1482 1042 et
1510 1006 1599 1043 tota
1630 1002 1729 1042 Bri-

261 1074 408 1115 tannia
431 1071 589 1112 insula.
652 1069 948 1121 Lugdunensi,
970 1073 1153 1121 quatuor
1172 1068 1498 1121 Lugdunenses,
1518 1082 1614 1109 cum
1636 1082 1727 1109 ma·-

261 1140 385 1180 xima
404 1138 723 1191 Sequanorum.
754 1135 990 1176 Viennensi
1012 1136 1163 1188 primae
1182 1139 1225 1176 et
1245 1136 1446 1176 secundae
1472 1135 1729 1176 Narbonen-

263 1207 326 1247 sis
360 1208 401 1246 et
423 1203 677 1257 Aquitania,
724 1201 865 1255 Alpes
899 1201 1048 1242 Graiae
1081 1206 1123 1243 et
1157 1202 1374 1251 Poeninae,
1399 1202 1535 1255 Alpes
1564 1204 1731 1244 mariti-

263 1287 364 1322 mae,
386 1270 818 1324 Novempopulania.
879 1269 1040 1310 Totum
1072 1270 1170 1318 hoe,
1191 1269 1309 1322 quod
1336 1270 1463 1310 unius
1491 1270 1646 1311 vicarii
1659 1271 1731 1324 ju-

265 1341 506 1382 risdictioni
538 1339 754 1392 subjacet,
791 1337 936 1378 Latini
970 1337 1192 1390 quomodo
1221 1337 1497 1390 designarint,
1529 1351 1614 1378 non
1643 1352 1731 1379 me-

264 1408 394 1449 mini:
426 1407 504 1448 sed
527 1406 674 1446 Graeci
705 1403 905 1459 ἐξαςχίαν,
927 1404 1115 1453 διοίκησιν,
1144 1406 1304 1459 πατριὰν
1334 1409 1509 1446 vocant.
1554 1405 1733 1457 Regno-

265 1489 358 1517 rum
380 1476 499 1516 vices
520 1474 658 1514 multa
679 1473 723 1512 in
743 1473 824 1513 hac
845 1472 1058 1512 divisione
1076 1472 1368 1520 immutarunt,
1392 1472 1468 1512 sed
1489 1475 1630 1512 status
1647 1472 1733 1513 Ec-

266 1542 538 1584 clesiasticus
560 1544 648 1581 tam
670 1541 711 1580 in
735 1539 910 1579 Otiente
940 1551 1068 1590 quam
1100 1538 1142 1577 in
1179 1537 1417 1578 Occidente
1451 1537 1545 1590 ejus
1566 1539 1734 1591 integra

267 1609 452 1661 vestigia
480 1608 690 1647 hactenus
721 1606 906 1646 retinuit.
968 1605 1085 1645 Nam
1118 1606 1332 1654 civitates,
1355 1619 1454 1657 quae
1486 1605 1735 1647 Provinciis

268 1676 446 1717 nomina
467 1675 673 1722 fecerunt,
696 1671 937 1726 μητροπόλεις
965 1676 1148 1712 vocant:
1182 1677 1221 1713 et
1242 1673 1277 1712 si
1301 1672 1343 1711 in
1369 1673 1432 1711 eis
1459 1671 1587 1712 sedes
1609 1672 1737 1714 fuerit

267 1743 438 1791 vicarii,
474 1752 604 1794 quem
636 1739 794 1794 ἔξαρχον
826 1740 1054 1788 vocabant,
1080 1752 1156 1779 eas=
1186 1751 1271 1779 non
1303 1739 1442 1779 solum
1479 1737 1734 1793 μητροπόλεις,

268 1810 343 1850 sed
379 1814 421 1850 et
458 1808 639 1864 ἐξαςχίας
674 1813 717 1848 et
747 1803 1002 1860 πατριαρχίας
1032 1811 1220 1846 vocant:
1263 1809 1306 1846 et
1344 1806 1555 1858 praesules
1588 1819 1736 1847 earum

270 1876 450 1931 ἐξάρχους
474 1878 535 1915 καὶ
553 1875 820 1930 πατριάρχας
852 1874 1044 1930 reliquos
1073 1871 1362 1929 μητροπολίτας,
1395 1871 1457 1912 καὶ
1489 1872 1736 1926 ἀρχιεπισκὸ-

268 1961 371 1994 mog,
393 1945 466 1996 qui
494 1945 574 1983 sub
598 1957 644 1982 se
665 1948 829 1983 tantum
853 1940 1068 1987 ἐπισκόπους
1091 1943 1272 1981 habent:
1302 1954 1402 1980 nani
1425 1943 1455 1978 οἱ
1478 1938 1630 1993 ἔξαρχοι
1653 1941 1735 1980 sub

271 2024 317 2052 Se
350 2014 511 2063 praetcr
546 2010 781 2061 episcopos
811 2006 1086 2062 μητροπολίτας
1121 2008 1291 2055 habent,
1323 2008 1590 2060 μητροπολῖται
1633 2019 1736 2046 vero

270 2082 436 2118 tantum
457 2073 685 2122 ἐπισκόπους.
746 2075 796 2115 In
830 2075 1028 2115 Ecclesia
1051 2075 1205 2114 Latina
1229 2073 1673 2126 Archiepiscoporum
1696 2076 1738 2114 et

271 2157 425 2185 nomen
447 2144 575 2196 ctjus
600 2147 759 2190 manet,
793 2147 833 2182 et
849 2141 1096 2193 jurisdictio
1120 2140 1341 2181 Canonica
1370 2142 1410 2180 in
1441 2153 1544 2180 suos
1565 2140 1735 2192 episco-

271 2224 352 2264 pos
374 2210 680 2261 sutl'raganeos,
702 2210 776 2249 sed
797 2208 966 2263 ἐξάρχων
982 2208 1094 2247 nulla
1117 2208 1301 2260 vestigia
1323 2212 1500 2247 extant:
1530 2206 1612 2246 nisi
1627 2206 1736 2247 forte

273 2277 475 2330 quaedam
498 2278 651 2317 umbra
673 2277 768 2329 ejus
790 2277 934 2324 suerit,
963 2276 1078 2329 quod
1108 2275 1384 2327 metropolita
1405 2275 1497 2314 sive
1525 2273 1737 2326 archiepi-

273 2357 437 2397 scopus
461 2343 712 2383 Viennensis
736 2344 962 2395 primatem
983 2343 1216 2395 primatum
1239 2355 1337 2381 seso
1355 2346 1497 2382 vocat.
1546 2340 1604 2381 Eo
1621 2340 1734 2380 enim

273 2411 558 2452 ostenditsub
579 2425 624 2449 sc
643 2411 849 2462 primates
872 2411 1090 2458 habuisse,
1109 2411 1180 2463 qui
1205 2410 1283 2449 sub
1305 2422 1358 2449 eo
1379 2412 1536 2456 esseut,
1563 2407 1734 2447 Narbo·

273 2491 448 2518 nensem
470 2478 699 2530 primatem
724 2478 831 2517 Prot
846 2478 989 2527 int-ier,
1014 2478 1328 2518 Bituricensem
1348 2477 1575 2530 primatem
1598 2472 1736 2524 Aqui-

274 2545 421 2586 taniae.
482 2544 622 2584 Aliter
643 2544 859 2597 quomodo
881 2550 956 2584 aut
973 2559 1059 2597 quo
1074 2546 1171 2598 jure
1188 2546 1350 2597 primas
1367 2543 1596 2596 primatum
1619 2539 1737 2579 dice-

275 2619 400 2661 retur,
443 2612 527 2651 nisi
559 2613 723 2651 ratione
758 2612 1003 2653 dioeceseos
1035 2612 1201 2652 vicarii
1232 2609 1497 2651 Viennensis
1535 2605 1735 2659 praesecti

276 2679 493 2729 praetorio,
514 2680 589 2731 qui
619 2682 783 2731 septem
812 2679 1065 2732 provincias
1097 2679 1177 2718 sub
1209 2692 1257 2719 se
1286 2675 1487 2723 habebat,
1515 2674 1556 2714 in
1578 2673 1735 2726 quibus
