1872 3104
225 167 272 207 xl

225 271 349 303 AEstira
369 271 516 314 (castra)
539 277 757 314 opponuntur
783 274 926 315 hybernis

267 313 300 345 G
318 314 385 353 viii,
399 318 431 354 6,
445 318 499 346 46.

224 356 421 388 AEstuarium
441 358 496 389 G·
490 358 524 397 11,
539 361 591 389 28.
618 358 664 397 111,
680 361 711 389 9.

224 399 345 438 AEslus,
367 398 475 431 fluxus
492 406 527 431 et
552 400 699 432 refluxus
716 403 817 433 maris
833 402 864 434 G
881 402 926 440 iv,

267 444 321 473 29.
345 452 378 481 v,
405 446 433 472 1.
478 441 588 473 fluxus
619 445 719 474 maris
747 446 777 475 G
806 445 850 484 iv,
874 448 926 475 ·)3.

268 487 362 515 cestus
393 485 508 514 i11sulas
536 486 651 526 efficere
688 488 764 517 solet
803 487 833 518 G
884 488 926 525 vi,

269 529 322 557 31.
367 530 461 556 oestus
490 525 615 566 (fluxus
645 528 762 569 maris)
798 540 837 560 ia·
864 531 928 560 ullo

269 568 386 608 (maii)
414 577 445 598 se
468 568 591 606 incitat,
619 569 720 600 irruit
737 581 813 601 cum
839 572 872 602 vi
896 572 927 602 (r

268 610 315 648 iii,
334 612 385 640 12.
430 613 523 640 <estus
546 592 655 641 mi’nuit
671 610 739 652 (se)
765 613 847 644 ibid.
875 613 929 645 cf.

270 652 432 683 necessus.

225 694 319 735 Affici
339 695 519 736 difficultate
547 696 578 727 G
603 696 661 736 vii,
686 700 719 734 6,
744 699 796 727 17.
842 707 929 736 cum,

271 742 309 768 ut
326 743 378 768 est
394 737 425 768 G
441 737 498 775 vii,
519 741 568 768 10.
614 748 668 768 res
694 737 931 771 difficultatem

271 779 402 810 consilii
419 780 577 820 capiendi
593 780 718 813 adfert.

226 822 417 864 Affirmatio,
432 823 623 855 certissima
633 823 811 865 promissio
828 824 860 855 G
877 823 932 861 vii,

228 900 413 949 Affiictare:
437 910 605 949 tempestas
632 909 764 951 afflictat
801 908 934 950 (vexat)

271 960 364 981 nat-es
381 950 438 982 G·
431 960 475 990 iv,
490 954 542 982 29.
580 952 741 1000 afflictari,
759 953 853 984 velut
869 952 935 982 11ῑέ-

273 998 406 1024 rentem
424 994 536 1024 teneri
552 993 582 1025 G
601 995 648 1033 iii,
673 998 724 1026 12.

231 1034 389 1076 Afflictus,
412 1041 601 1076 prostratus
625 1038 657 1068 G
675 1037 719 1076 vi,
743 1039 796 1068 27.
840 1048 858 1067 a
895 1037 936 1068 ic-

276 1081 318 1108 toe
340 1088 444 1116 naves,
467 1079 593 1110 collisae
610 1083 646 1110 et
661 1061 829 1111 difflactae
871 1081 936 1120 v,

232 1143 396 1204 Affiigere‚
419 1172 559 1203 vexare,
575 1168 725 1203 vastare,
741 1168 800 1195 aut
826 1164 938 1205 potius

277 1210 447 1242 evertere,
472 1187 563 1237 hum'i
592 1212 810 1246 prosternere
841 1207 871 1238 G
896 1207 941 1246 iv,

273 1250 328 1278 35.
381 1249 462 1290 afflig
449 1258 519 1280 vere
555 1249 707 1289 arborem,
744 1249 835 1281 humi
863 1259 941 1290 pro-

275 1295 432 1322 sternere
450 1291 481 1322 G
499 1292 544 1333 vi,
561 1295 614 1323 27.

234 1333 378 1371 Africus,
398 1339 534 1373 ventus,
558 1335 647 1366 inter
662 1335 877 1366 occidentem
905 1338 940 1365 et

279 1375 457 1407 meridiem
475 1377 606 1417 spirans
622 1377 656 1408 G
674 1381 741 1417 ν,8

235 1418 324 1458 Ager
354 1418 549 1459 Helveticae,
580 1421 741 1461 quicquid
773 1425 942 1451 terrarum

266 1442 334 1491 nest
350 1460 542 1494 Helveticae
558 1463 696 1494 ditionis
722 1463 775 1494 G
768 1466 825 1502 1‚2

237 1502 344 1542 Agere
373 1504 526 1535 cuniculos
556 1506 588 1537 G
618 1506 666 1544 iii,
695 1508 748 1537 21.
788 1505 859 1543 viii,
887 1507 942 1534 41.

280 1555 374 1586 agere
397 1557 545 1586 aggerem
569 1546 600 1578 A
627 1551 681 1579 73.
706 1548 739 1578 H
765 1550 795 1579 7.
839 1547 945 1577 vineas

282 1588 315 1619 G
338 1588 372 1628 ii,
395 1592 447 1620 12.
493 1590 527 1620 H
551 1593 582 1621 7.
627 1599 722 1629 agere
745 1590 860 1630 copias,
883 1589 943 1619 du-

283 1640 364 1662 cere
378 1631 409 1663 G
422 1631 492 1671 viii,
507 1635 539 1663 7.
564 1631 621 1663 Af.
634 1636 687 1663 26.
713 1633 809 1671 Vir-g.
824 1632 897 1662 AEn.
912 1642 944 1670 v,

281 1675 356 1704 833.
407 1683 500 1713 agere
531 1674 653 1714 bellum,
685 1684 804 1713 gerere
835 1675 867 1705 G
899 1675 945 1714 iii,

282 1718 336 1746 28.
380 1726 474 1755 agere
501 1716 646 1756 sublicas,
678 1717 815 1757 adigere
843 1717 875 1747 G
900 1717 945 1755 iv,

283 1761 338 1789 17.
395 1757 448 1789 Cf.
480 1758 620 1789 Fistuca.
666 1759 725 1790 Illo
760 1762 884 1790 auctore
915 1762 945 1790 et

282 1803 408 1840 agente,
425 1800 550 1832 dicitur
565 1801 608 1832 de
624 1811 680 1840 eo,
701 1801 758 1843 qui
776 1802 945 1841 interpres

284 1843 427 1874 duorum
451 1847 487 1875 et
517 1848 696 1885 sequester
722 1849 775 1875 est
798 1844 826 1876 C
849 1844 872 1881 i,
894 1847 945 1875 26.

283 1895 388 1925 agere,
403 1886 569 1926 cogitare,
583 1886 626 1917 de
645 1887 734 1918 bello
751 1887 779 1918 C
795 1887 818 1926 1,
835 1889 888 1918 26.

242 1927 366 1967 Agger,
395 1934 486 1959 terra
516 1933 645 1968 egesta,
675 1939 750 1969 quae
778 1939 844 1960 una
871 1938 946 1960 cum

286 1969 379 2001 fossa
389 1977 502 2001 castra
513 1971 620 2010 cingit
633 1971 830 2002 munimenti
843 1981 947 2002 causa

289 2013 321 2044 G
338 2013 385 2051 iii,
407 2017 438 2044 5.
482 2013 550 2043 Sed
580 2017 615 2043 et
640 2013 724 2044 alius
754 2023 860 2054 agger
886 2019 940 2044 cst

288 2055 344 2096 qui
359 2055 481 2093 jacitur
508 2056 540 2087 G
569 2055 604 2094 ii,
634 2058 685 2087 12.
733 2063 791 2086 aut
811 2056 947 2087 exstrui-

287 2102 340 2129 tur
357 2098 388 2128 G
403 2098 437 2137 ii,
458 2101 512 2129 30.
557 2103 616 2130 aut
631 2098 800 2129 instruitur
822 2099 854 2130 G
878 2099 947 2138 viii,

288 2143 341 2170 41.
387 2149 464 2171 cum
494 2145 586 2171 terra
609 2141 762 2180 egeritur
787 2146 822 2172 et
849 2151 947 2172 accu—

287 2183 447 2221 mulatur,
464 2188 503 2213 ut
519 2183 551 2213 in
569 2193 609 2214 ea
626 2189 796 2223 ponantur
816 2194 949 2224 promo-

287 2229 501 2266 veanturque
517 2226 682 2258 machinae
707 2227 950 2267 oppugnanda-

289 2277 364 2299 rum
391 2267 538 2307 urbium,
561 2274 599 2299 ut
627 2269 659 2300 G
681 2269 715 2305 ii,
737 2272 789 2300 30.
835 2279 950 2309 aggere

289 2314 447 2341 exstructo
481 2311 580 2341 turris
623 2312 834 2343 constituitur.
894 2311 948 2343 Cf.

290 2352 340 2390 iii,
376 2356 428 2384 21.
479 2354 506 2385 C
535 2354 569 2393 ii,
601 2357 629 2385 1.
674 2364 821 2393 aggerem
848 2354 949 2393 serre,

288 2399 406 2436 petere,
440 2400 643 2436 comportare,
680 2396 830 2436 conferre,
867 2397 889 2428 i.
919 2407 950 2428 e.

290 2438 435 2478 lapides,
467 2440 574 2479 palos,
605 2440 753 2479 cespites
783 2439 951 2479 conferre,

291 2481 382 2511 unde
412 2490 516 2521 agger
536 2481 593 2512 fit:
619 2491 695 2512 nani
721 2487 813 2514 terra
833 2488 951 2522 egesta

291 2523 397 2554 habet
426 2524 515 2563 ligna
543 2523 658 2563 infixa,
677 2529 715 2556 ut
741 2525 904 2556 densetur
920 2525 952 2555 G

292 2565 340 2605 iii,
362 2568 414 2597 25.
439 2566 466 2597 C
483 2567 506 2606 i,
523 2569 576 2598 -12,
601 2567 631 2598 Α
653 2571 706 2599 73.
751 2578 866 2607 aggere
890 2578 952 2598 res-

292 2609 364 2647 tire,
390 2614 482 2640 terra
507 2611 722 2641 accumulata
750 2613 892 2642 obiuere
920 2612 951 2641 G

296 2650 351 2684 vii
379 2654 431 2682 23.
475 2662 592 2691 aggere
628 2653 808 2702 (congesta
846 2653 954 2694 teira)

291 2693 433 2733 paludem
454 2701 576 2734 ειιμιενε
600 2696 630 2727 G
655 2696 711 2734 vii,
739 2701 792 2735 58,
817 2700 870 2736 85,
899 2700 951 2727 80.

297 2733 323 2763 s.
340 2743 362 2773 ¹,
387 2739 439 2766 10.
484 2747 628 2776 aggerem
652 2740 796 2780 (terram
812 2749 899 2779 con¹O
891 2748 952 2770 cs-

870 182 884 209 1
897 182 921 210 N
934 182 1030 212 DEX

1022 275 1107 313 tani)
1128 276 1254 314 injicere
1269 274 1420 315 trabibus,
1445 279 1482 306 ut
1508 284 1592 316 pons
1615 275 1675 308 fiat

1020 318 1050 349 A
1067 322 1120 350 29.
1144 319 1197 350 Cf.
1218 320 1360 357 adiicere.
1404 319 1563 358 Aggerem
1584 328 1678 358 agere

1020 361 1088 392 vid.
1107 361 1149 392 ad
1164 361 1194 393 Α
1211 364 1263 393 73.
1288 362 1321 392 Η
1335 365 1366 392 7.

976 405 1162 443 Aggregare
1177 414 1209 434 se
1224 405 1308 441 aliis,
1327 404 1452 435 socium
1470 407 1504 434 et
1520 402 1679 434 comitem

1021 456 1056 476 se
1078 445 1265 485 adjungere
1296 446 1327 477 G
1356 447 1398 485 iv,
1425 450 1478 477 26.
1529 456 1622 484 aggr.
1649 455 1680 476 se

1020 490 1059 519 ad
1075 489 1201 526 alicujus
1215 488 1384 519 amicitiam
1401 489 1432 519 G
1448 489 1493 528 vi,
1513 492 1561 519 12.

979 533 1114 570 Agitare
1140 541 1216 569 rem,
1244 531 1285 561 de
1311 541 1351 562 ea
1377 531 1543 570 cogitare,
1558 530 1684 561 delibe-

1023 584 1110 613 rare,
1128 574 1273 614 colloqui
1293 574 1320 604 G
1343 573 1399 612 vii,
1416 577 1447 603 2.

980 618 1115 656 Agmen,
1132 617 1304 648 exercitus
1327 616 1392 647 iter
1421 614 1567 646 faciens:
1592 614 1682 646 unde

1022 660 1056 690 in
1085 660 1210 708 agmine
1239 659 1396 698 dimicare,
1426 658 1458 688 in
1497 658 1621 688 itinere
1653 657 1684 687 A

1024 704 1077 732 43.
1109 712 1232 741 agmine
1248 702 1402 742 impediti,
1430 700 1498 741 qui,
1526 699 1685 740 quoniam

1025 744 1157 783 agmine
1202 745 1378 783 incedunt,
1417 752 1482 774 non
1533 741 1688 790 expediti

1025 790 1104 816 sunt
1121 786 1162 816 ad
1182 787 1334 826 praeliuin
1357 769 1412 817 G'
1406 786 1454 817 iii.
1481 788 1534 816 24.
1559 785 1616 823 vii,
1643 787 1686 815 66

1025 838 1137 867 agmen
1150 829 1334 868 quadratum
1347 828 1415 859 vid.
1439 821 1553 866 Gviii‚
1569 830 1600 857 Β.
1624 828 1688 857 lon-

1024 870 1198 910 gissimum,
1214 871 1398 910 opponitur
1421 868 1578 900 conferto
1592 869 1623 900 G
1650 879 1685 907 v,

1028 916 1081 944 30.
1128 912 1182 944 Cf.
1209 922 1284 953 cap.
1311 915 1363 945 33.
1407 912 1567 951 longitudo
1588 912 1689 949 agmi-

1026 956 1088 986 nis.
1132 956 1340 997 notissimum,
1373 959 1563 986 extremum
1597 954 1629 985 G
1667 953 1691 994 i,

986 1041 1104 1081 Marii,
1118 1041 1253 1081 pedites
1283 1046 1319 1072 et
1346 1040 1480 1082 equites
1507 1039 1689 1077 sociorum,

1030 1084 1087 1125 qui
1104 1084 1136 1114 111
1154 1084 1214 1114 alis
1228 1088 1380 1124 pugnant
1396 1083 1452 1116 G
1445 1093 1468 1123 1,
1492 1086 1544 1113 51.
1592 1081 1649 1112 ubi
1672 1090 1692 1112 a

1030 1126 1195 1157 militibus
1210 1126 1452 1167 legionariis,i.
1468 1135 1496 1156 e.
1521 1124 1694 1163 Romanis,

1032 1168 1288 1209 distinguuntur
1303 1169 1438 1199 alariis,
1455 1168 1549 1199 socii.
1582 1166 1693 1197 alaiiae

1033 1211 1170 1242 colantes
1187 1212 1237 1242 C'
1231 1222 1254 1249 1,
1278 1214 1330 1242 73.
1367 1211 1422 1241 ubi
1438 1211 1596 1241 cohortes
1613 1210 1692 1251 (pe-

1034 1253 1123 1284 dites
1146 1252 1278 1292 alaiioe)
1303 1262 1322 1283 a
1349 1253 1544 1284 cohoitibus
1569 1252 1694 1282 Roma-

1034 1296 1085 1326 nis
1123 1306 1150 1327 s.
1189 1296 1382 1335 legionariis
1423 1295 1695 1336 distinguuntur.

1033 1338 1196 1369 Similiter
1220 1340 1247 1369 C
1274 1338 1297 1377 i,
1323 1341 1375 1370 83.
1400 1338 1434 1377 ii,
1459 1341 1509 1369 18.
1555 1336 1695 1368 Omnes.

1035 1382 1099 1411 viri
1117 1381 1208 1412 docti
1223 1382 1362 1412 laudant
1388 1389 1422 1412 et
1439 1381 1596 1421 probant,
1620 1388 1696 1419 quae

1035 1424 1079 1455 de
1103 1425 1164 1454 alis
1182 1424 1215 1454 in
1232 1424 1386 1455 exercitu
1409 1424 1560 1454 Romano
1583 1421 1696 1461 dispu-

1037 1466 1126 1497 tavit
1153 1467 1306 1497 Sclielius
1334 1465 1376 1496 ad
1407 1465 1533 1505 Hygin.
1557 1463 1600 1494 de
1622 1473 1697 1494 cas-

1038 1513 1213 1540 trametat.
1231 1519 1265 1550 p.
1289 1511 1343 1539 66.
1363 1512 1397 1539 et
1420 1508 1553 1548 Lipsius
1576 1506 1619 1537 de
1635 1505 1697 1537 mi-

1035 1552 1087 1582 lit.
1106 1551 1141 1590 ii,
1170 1554 1202 1582 7.
1240 1550 1331 1582 Add.
1365 1549 1627 1581 Drakenborch.
1653 1548 1696 1579 ad

1038 1594 1111 1624 Liv.
1129 1603 1163 1632 x,
1179 1597 1231 1625 40.
1277 1592 1480 1624 Confectum
1496 1597 1549 1624 est
1565 1591 1697 1633 equites

1038 1636 1160 1666 alarios
1191 1645 1265 1666 esse
1282 1637 1418 1676 equites
1435 1635 1617 1674 sociorum,
1643 1643 1698 1664 co-

1036 1679 1152 1709 hortes
1178 1678 1300 1708 alarias
1325 1686 1404 1708 vero
1432 1677 1568 1717 pedites
1593 1676 1700 1708 socio-

1039 1729 1124 1750 rum.
1149 1719 1204 1751 Cf.
1219 1720 1324 1751 Gesn.
1339 1721 1439 1751 Thes.

994 1762 1090 1794 Alere
1125 1762 1267 1803 aliquem,
1311 1762 1342 1792 ei
1379 1763 1542 1794 alimenta
1567 1771 1701 1801 curare,

1040 1815 1159 1845 agrum
1189 1806 1261 1846 ejus
1286 1809 1389 1836 causa
1415 1805 1527 1836 colere
1551 1805 1583 1836 G
1600 1805 1646 1844 iv,
1668 1808 1699 1843 1,

1039 1850 1121 1879 alere
1151 1848 1321 1887 civitatem,
1350 1848 1540 1879 humaniter
1571 1851 1700 1878 susten-

1041 1895 1115 1922 tare
1131 1896 1167 1922 ct
1183 1891 1345 1931 adjuvare
1361 1891 1393 1922 G
1410 1890 1469 1930 vii,
1486 1893 1538 1921 33.

996 1934 1146 1965 Alienum
1167 1943 1251 1964 mem
1277 1933 1437 1964 tribuitur
1461 1933 1504 1972 ei,
1528 1933 1586 1973 qui
1608 1942 1701 1964 men-

1042 1976 1085 2006 tis
1101 1985 1166 2005 non
1183 1980 1235 2006 est
1251 1985 1388 2015 compos
1405 1976 1437 2006 G
1455 1976 1499 2014 vi,
1516 1978 1569 2006 41.

997 2018 1128 2049 Alienus
1156 2018 1237 2058 (non
1254 2017 1482 2058 opportunus)
1510 2019 1591 2049 locus
1614 2017 1646 2049 G
1677 2017 1701 2057 i,

1042 2064 1093 2091 15.

998 2102 1111 2134 Alius.-
1143 2112 1232 2143 unus,
1269 2104 1360 2141 alius,
1398 2103 1510 2134 tertius
1548 2103 1579 2134 G
1609 2103 1633 2142 i,
1672 2105 1700 2134 1.

1042 2145 1221 2176 Interdum
1249 2146 1420 2176 omittitur
1434 2145 1514 2176 alius
1544 2145 1577 2176 in
1601 2146 1702 2176 alter-

1041 2193 1119 2219 utro
1143 2193 1323 2227 commate,
1350 2188 1407 2219 ubi
1434 2188 1485 2219 bis
1508 2187 1701 2229 ponendum

1041 2235 1116 2261 crat
1132 2231 1161 2261 G
1183 2231 1204 2270 i,
1219 2233 1250 2261 8.

999 2273 1144 2304 Altitudo
1156 2283 1255 2313 parra
1267 2273 1364 2315 fluvii
1380 2273 1411 2305 G
1427 2273 1449 2314 i,
1464 2276 1494 2304 8.

999 2317 1109 2355 Alata,
1125 2316 1222 2356 pellis
1240 2316 1435 2355 bestiarum,
1451 2321 1523 2346 arte
1541 2319 1702 2354 tractata,

1043 2363 1081 2389 ut
1097 2359 1229 2390 mollior
1243 2364 1279 2390 et
1296 2359 1429 2389 tenuior
1449 2358 1510 2389 fiat
1526 2359 1557 2390 G
1575 2359 1624 2399 iii,
1650 2360 1701 2389 13.

1045 2401 1137 2431 Hinc
1157 2401 1239 2431 corii
1257 2401 1420 2432 tenuioris
1435 2411 1540 2442 genus
1557 2407 1620 2432 est.

1000 2442 1172 2474 Ambactus
1187 2445 1218 2475 G
1237 2444 1282 2483 vi,
1301 2447 1351 2474 15.

1001 2485 1217 2517 Ambulatoria
1253 2487 1352 2517 turris
1384 2486 1415 2517 A
1453 2489 1483 2518 2.
1529 2483 1700 2525 Impositae

1045 2527 1185 2560 fuerunt
1213 2529 1308 2569 rotis,
1324 2539 1465 2570 quarum
1488 2538 1552 2569 ope
1569 2535 1700 2567 promo-

1046 2572 1115 2602 seii
1134 2582 1152 2603 e
1166 2572 1258 2603 loco'
1253 2582 1284 2602 in
1300 2573 1410 2603 locum
1424 2575 1592 2612 poterant.
1629 2569 1698 2599 De-

1047 2615 1184 2654 scripsit
1214 2615 1380 2654 Vegetius
1393 2612 1564 2644 deremil.
1591 2611 1636 2650 iv,
1649 2614 1699 2642 17.

1048 2656 1185 2697 Lipsius
1201 2658 1347 2688 Poliorc.
1373 2657 1438 2695 i,4.
1464 2655 1498 2692 ii,
1515 2658 1547 2686 4.

1003 2699 1170 2731 Amentum
1208 2700 1353 2747 tragulae,
1399 2698 1518 2736 lorum,
1558 2696 1700 2736 tragulae

1047 2740 1195 2781 affixum,
1226 2742 1320 2781 cujus
1349 2749 1414 2781 ope
1443 2739 1576 2780 tragula
1604 2739 1701 2770 velle-
