1872 3104
681 223 1016 255 LATINITA'rls.

130 325 266 356 Societas
280 322 528 365 publicanorum
545 318 572 349 C
589 317 636 358 iii,
653 321 724 349 103.

129 369 254 398 Solvere
268 375 313 397 sc.
330 373 429 395 naves
444 362 475 393 G
493 361 538 399 iv,
565 363 618 392 23.
634 372 640 391 :
666 361 766 400 plene
778 361 823 390 le-

171 410 262 448 gitur
276 408 307 438 G
325 407 370 444 iv,
398 407 449 435 36.
493 403 560 434 Sed
577 408 612 434 et
627 404 715 434 navis
733 404 823 434 solvit

169 450 246 491 με),
261 458 335 480 cum
351 446 577 487 proficiscitur
593 446 624 477 G
643 446 687 483 iv,
703 448 756 476 28.

127 494 232 523 Solum
246 491 325 530 agri,
342 489 454 520 Grund
468 490 531 520 und
552 489 661 520 Boden
677 489 708 519 G
725 489 748 527 i,
773 491 824 518 11.

126 535 200 565 Sors
225 532 405 563 incommodi
432 532 463 562 G
492 531 560 571 viii,
590 534 618 562 1.
662 540 729 561 sors
749 531 823 561 mali

168 576 200 607 G
216 575 283 614 viii,
299 577 349 605 12.
374 575 510 610 malum,
539 573 627 614 quod
653 573 753 604 alicui
770 582 823 603 ac-

165 616 262 655 cidit,
277 618 354 648 mali
371 627 460 657 pars,
476 617 506 647 ei
523 616 703 655 destinata,
721 616 821 655 μοῖρα.

122 659 315 700 Speciarium
331 661 442 690 donum
458 659 485 689 C
499 659 546 697 iii,
563 661 616 689 53.
663 658 690 688 si
718 658 822 689 lectio

165 711 246 732 vera
261 706 325 732 est.

122 744 263 784 Speciose
276 746 431 775 instruere
445 745 542 775 aciem
558 742 614 774 Af.
631 745 684 774 48.

124 786 273 827 Spectare
287 788 321 818 in
335 786 486 826 (versus)
511 785 732 826 septentriones
752 785 783 816 G
802 786 822 822 i,

166 832 196 860 l.
239 833 389 870 spectare,
412 829 575 865 revereri,
599 838 717 859 curare
742 828 773 859 G
789 828 823 868 ii,

164 874 219 902 20.
243 882 278 909 v,
294 875 347 911 29,
362 874 403 902 44
428 873 454 902 C
471 872 519 908 ἰἰἰ,
536 874 590 902 43.

123 913 369 955 Speculutorium
394 914 564 954 navigium.
609 911 654 944 cf.
691 916 822 944 catasco-

164 966 232 997 pus.

123 998 238 1039 Specus
249 1000 291 1030 de
309 999 417 1030 canali
433 998 654 1029 subterraneo
668 996 698 1028 A
712 1001 742 1029 5.
775 996 820 1028 cf.

166 1043 208 1072 ad
224 1043 251 1073 C
265 1042 314 1079 iii,
328 1045 380 1073 49.

122 1083 270 1124 Spiritus,
293 1093 410 1114 sensus
439 1082 552 1122 animi,
574 1081 665 1114 fastu
682 1082 823 1113 ferocia-

167 1135 233 1167 que
249 1127 341 1167 pleni
361 1128 388 1157 C
412 1126 460 1166 iii,
482 1128 536 1156 72.
582 1125 671 1156 unde
694 1125 824 1166 spiritus

165 1179 282 1200 sumere
298 1169 330 1200 G
346 1168 368 1207 i,
384 1171 436 1199 33.
461 1168 497 1207 ii,
512 1171 544 1198 4.

122 1209 290 1242 stabilitas
299 1212 450 1251 peditum,
460 1209 589 1241 tardior
603 1214 714 1242 motus
728 1210 759 1242 G
777 1210 823 1249 iv,

165 1257 218 1285 33.
263 1253 308 1285 cf.
326 1253 491 1284 mobilitas.

123 1295 316 1335 Statumina,
326 1302 442 1333 costae,
451 1295 599 1335 navium,
611 1305 699 1336 quae,
712 1299 749 1326 ut
758 1300 822 1326 sta·

167 1339 307 1378 tumina,
322 1339 361 1375 (i.
378 1348 408 1370 e.
425 1338 630 1378 pedamenta
643 1348 669 1369 s.
684 1338 824 1368 admini-

167 1382 256 1421 cula,
271 1381 395 1422 quibus
413 1381 498 1411 vites
519 1378 721 1420 fulciuntur)
736 1391 754 1411 e
768 1390 824 1411 ca-

165 1423 249 1454 rinae
264 1429 408 1464 utroque
434 1424 542 1454 latere
570 1422 679 1454 affixae
702 1428 780 1454 sunt
797 1423 823 1454 C

166 1465 190 1504 i,
207 1468 258 1504 54.

123 1507 234 1539 Status
256 1509 426 1538 commodus
447 1517 550 1538 rerum
578 1507 610 1538 G
627 1507 684 1547 vii,
701 1511 732 1538 6.
777 1517 826 1539 res

166 1553 212 1581 est
227 1560 260 1582 eo
271 1553 357 1582 statu
374 1550 406 1582 G
422 1550 468 1589 vi,
483 1553 535 1581 12.

123 1591 225 1666 Stigifs
243 1603 351 1634 caecus,
367 1592 401 1624 in
418 1597 609 1624 castrorum
635 1591 823 1623 munitione

124 1676 278 1709 Stimulae
292 1677 325 1708 in
341 1676 518 1708 obsidione
535 1677 567 1709 G
585 1677 644 1714 vii,
660 1679 713 1708 73.

124 1718 334 1760 Stipendium,
350 1719 529 1758 tributum,
555 1719 645 1759 quod
662 1718 743 1749 victi
762 1719 825 1749 sol-

166 1767 252 1793 vunt
268 1762 300 1794 G
311 1762 332 1799 i,
345 1765 400 1801 36,
413 1764 485 1793 44.:
503 1761 594 1792 unde
606 1761 828 1801 stipendiarius

163 1805 293 1844 populus
315 1804 346 1836 G
372 1804 394 1841 i,
423 1806 476 1843 30,
499 1806 552 1834 36.
577 1813 607 1833 v,
630 1803 672 1833 ad
697 1801 756 1833 Af.
773 1805 825 1834 20.

165 1847 242 1888 stip.
266 1849 419 1885 octavum,
444 1856 550 1877 annus
577 1850 730 1886 octavus,
760 1855 826 1886 quo

167 1888 241 1930 quis
255 1889 350 1920 miles
367 1893 420 1920 est
436 1888 468 1919 G
485 1888 556 1928 viii,
573 1891 604 1919 8.

124 1931 230 1963 Sem-ia
245 1932 299 1962 vel
314 1935 428 1971 storea,
442 1931 544 1971 vulgo
560 1935 657 1971 teges
673 1940 692 1962 e
711 1929 826 1971 juncis

166 1979 227 2005 aut
243 1974 420 2014 similibus,
435 1973 495 2004 sed
513 1974 539 2004 C
554 1973 591 2012 ii,
606 1977 638 2004 9.
656 1983 674 2003 e
689 1971 826 2003 funibus

167 2016 386 2048 anchorariis.
410 2026 429 2047 a
444 2017 576 2056 στορεῖν,
592 2020 756 2046 sternere.

126 2058 305 2090 Stramenta
318 2060 479 2099 mulorum,
495 2059 635 2090 sarcinae
663 2058 702 2088 iis
723 2057 828 2098 impo—

169 2101 257 2141 sitae,
284 2101 434 2141 clitellae,
463 2110 515 2140 ea,
544 2100 666 2143 quibus
682 2100 763 2131 muli
780 2100 827 2130 in-

169 2148 365 2174 sternuntur
381 2144 413 2175 G
429 2143 486 2182 vii,
500 2145 554 2174 45.
578 2143 646 2174 vid.
669 2144 827 2183 exempla

170 2185 328 2226 quaedam
351 2195 393 2216 ex
417 2184 564 2225 Apuleio
581 2185 671 2224 apud
691 2185 829 2217 Ciacco-

171 2227 264 2258 nium
282 2234 316 2258 et
332 2227 555 2267 Oudendorp.
572 2227 614 2257 ad
630 2227 662 2258 h.
677 2227 702 2258 l.
745 2228 828 2259 Lec-

169 2270 219 2300 tio
235 2275 348 2301 tamen
361 2269 464 2300 dubia
480 2274 544 2310 est,
558 2274 594 2301 et
609 2269 717 2300 voluit
732 2271 827 2301 Ursi-

169 2321 232 2342 nus
254 2312 322 2353 legi
339 2312 550 2351 ferramento,
572 2312 682 2343 male:
719 2312 827 2344 Hoto-

170 2363 311 2386 mannus
326 2358 439 2394 strata,
455 2354 545 2394 quod
562 2353 643 2385 ferri
659 2358 784 2395 potest.

128 2396 350 2428 stramenticia
365 2407 435 2428 casa
451 2397 486 2428 H
503 2399 555 2428 16.

127 2438 271 2512 Strgtum
295 2438 454 2481 (mensis)
469 2440 664 2471 coenaculum.
687 2439 755 2470 vid.
783 2440 828 2471 ad

108 2518 116 2525 ·
215 2481 262 2520 iii,
279 2484 333 2512 96.

128 2523 258 2555 Str-uere
272 2524 386 2564 copias,
415 2524 521 2555 aciem
543 2524 710 2556 instruere
728 2524 755 2555 C
779 2524 828 2565 iii,

172 2568 227 2598 37.
270 2565 316 2597 cf.
335 2565 558 2607 Oudendorp.
575 2566 618 2597 ad
636 2567 662 2598 C
676 2566 700 2605 i,
716 2569 770 2597 43.

128 2607 261 2639 Studere
275 2610 440 2649 memorioe,
457 2618 530 2640 eam
555 2618 716 2640 exercere
736 2609 768 2639 G
782 2609 829 2649 vi,

133 2691 196 2722 Sub
218 2693 350 2725 sarcinis
376 2704 438 2725 esse
460 2694 541 2733 Gii,
570 2696 621 2724 17.
645 2693 693 2733 iii,
707 2695 748 2723 24
773 2691 830 2724 Af.

176 2737 228 2767 ⁷5.
273 2741 331 2767 aut
345 2736 401 2767 sub
417 2746 506 2768 onere
528 2745 590 2767 esse
618 2736 646 2767 C
662 2735 684 2774 i,
699 2738 751 2766 66.
787 2735 830 2766 de

177 2777 352 2820 militibus,
369 2779 426 2822 qui
439 2779 585 2811 sarcinas
599 2782 745 2819 gestant.
767 2777 830 2809 Sub

1471 214 1566 254 lxix

918 317 1024 355 armis,
1039 319 1199 353 armatus,
1217 314 1248 344 in
1261 314 1360 344 armis
1371 314 1398 344 C
1413 315 1434 351 i,
1448 319 1482 345 -n
1493 339 1501 353 ,
1518 319 1571 348 42.

917 360 972 390 sub
986 357 1243 399 septentrionibus
1261 356 1391 396 positus,
1416 357 1447 385 iu
1472 359 1571 396 plaga

919 406 1083 442 septentr.
1110 400 1140 431 G
1160 400 1182 438 i,
1202 403 1251 430 16.
1286 398 1339 428 sub
1355 398 1572 438 resiliamus,

918 454 993 475 cum
1010 443 1147 481 vexillo,
1163 441 1252 482 quod
1279 440 1460 481 praefertur
1477 440 1507 471 G
1529 442 1571 480 vi,

919 489 970 517 36.
1013 487 1068 516 sub
1083 486 1168 515 hoste
1184 483 1238 515 Af.
1253 487 1303 514 51.
1331 483 1467 513 videtur
1483 491 1571 521 esse,

918 538 1025 569 prope
1051 529 1193 559 hostem.
1238 526 1294 557 Sic
1319 525 1375 556 sub
1398 526 1489 564 tollo,
1516 525 1571 564 ad,

918 581 1024 611 prope
1039 571 1164 602 vallum
1181 570 1211 601 G
1232 569 1276 609 vi,
1299 571 1350 600 37.
1389 567 1436 599 cf.
1452 577 1572 599 manus.

915 614 1012 653 pellis.

872 655 1048 688 Subducere
1064 657 1095 687 in
1115 656 1229 694 collem,
1245 664 1375 685 sursum
1397 654 1523 684 ducere
1541 652 1572 684 G

917 699 940 737 i,
956 702 1010 737 22,
1028 702 1082 730 24.
1105 699 1191 729 subd.
1209 707 1299 728 nates
1314 697 1346 727 in
1366 697 1499 734 aridum,
1514 700 1574 726 aut

915 742 1126 782 simpliciter,
1144 741 1231 771 subd.
1258 750 1348 770 nares
1371 740 1417 769 vel
1438 739 1575 777 classem,

917 784 1043 823 ἀνάγειν
1066 784 1098 815 G
1115 785 1159 823 ἰν,
1188 786 1239 814 29.
1263 792 1296 821 V,
1315 785 1345 820 l,
1362 784 1399 811 ll
1439 780 1496 812 Af.
1519 783 1573 812 62.

917 827 960 857 cf.
975 829 1134 858 deducere.

874 868 1013 906 Subesse,
1038 869 1263 909 propinquum
1280 875 1351 897 esse
1378 865 1409 896 G
1425 865 1447 905 i,
1462 868 1514 897 25.
1539 875 1573 905 v,

915 914 956 942 29
980 912 1033 943 Ci
1062 914 1115 942 65.

873 935 1047 992 Subfodere'
1057 963 1178 993 equum,
1194 961 1318 993 equum
1342 951 1482 982 alterius
1504 950 1577 981 has-

917 1001 951 1027 ta
967 1002 1025 1027 aut
1041 996 1177 1027 stimulo
1194 1003 1361 1035 pungere,
1378 999 1415 1024 ut
1430 993 1576 1024 ferociat

917 1044 953 1070 et
968 1039 1141 1079 calcitret,
1167 1046 1399 1078 sessoremque
1423 1035 1578 1067 excutiat

917 1082 949 1113 G
967 1082 1012 1121 iv,
1026 1084 1078 1112 12.

873 1122 1018 1162 »subjecta
1055 1123 1207 1155 Armenia
1248 1122 1359 1161 Regno
1389 1120 1575 1158 Pharnaci-⁹,

918 1167 1028 1198 vicina
1044 1166 1074 1197 A
1090 1169 1143 1197 35.

874 1209 1106 1248 Suhjectissime
1134 1209 1226 1248 loqui,
1249 1205 1335 1238 infra
1358 1205 1575 1246 dignitatem,

916 1252 1088 1283 humiliter
1105 1252 1132 1281 C
1148 1251 1170 1289 i,
1187 1253 1240 1281 84.

873 1294 1042 1334 Suhjicere,
1068 1293 1252 1325 subornare
1283 1292 1310 1323 C
1338 1291 1362 1331 i,
1387 1294 1456 1325 33..
1486 1291 1576 1321 inter

917 1338 1000 1368 duas
1025 1346 1077 1368 res
1106 1336 1254 1367 medium
1271 1334 1353 1375 quid
1377 1333 1577 1374 transjicere

918 1380 949 1411 G
966 1381 988 1421 i,
1003 1382 1057 1411 26.
1101 1379 1178 1417 subj.
1194 1378 1328 1417 legiones
1339 1377 1461 1414 castris,
1478 1385 1578 1415 prox-

917 1423 982 1454 ime
1009 1426 1125 1453 castra
1155 1421 1282 1451 ducere
1307 1420 1334 1451 C
1358 1419 1406 1457 iii,
1437 1421 1491 1456 37,
1521 1420 1575 1449 56.

915 1466 990 1504 ειιΙῄ.
1007 1465 1103 1495 aciem
1117 1463 1255 1501 collibus,
1269 1462 1313 1493 ad
1336 1461 1473 1492 collium
1490 1460 1579 1490 radi-

918 1517 976 1539 ces
993 1507 1165 1538 adducere
1182 1506 1209 1537 C
1226 1506 1274 1545 iii,
1290 1506 1342 1535 84.
1388 1503 1463 1542 subJ'.
1488 1512 1520 1533 se
1535 1504 1577 1533 lo-

917 1560 964 1587 co,
980 1549 1023 1581 ad
1040 1558 1115 1580 eum
1134 1547 1300 1579 accedere
1319 1547 1346 1578 C
1361 1546 1408 1585 iii,
1424 1548 1476 1576 85.
1498 1544 1578 1583 sub}-

916 1592 1146 1631 nacigutionem
1172 1590 1286 1630 hyemi,
1311 1598 1484 1629 exponere
1510 1587 1577 1619 iter

918 1635 1054 1665 casibus
1071 1633 1202 1674 hyemis
1218 1633 1360 1663 incertis
1378 1631 1410 1662 G
1427 1631 1471 1668 iv,
1487 1633 1540 1662 36.

875 1677 1000 1716 Subire,
1017 1677 1184 1708 accedere
1200 1675 1232 1707 G
1248 1675 1283 1714 ii,
1299 1677 1351 1706 25.
1375 1673 1443 1714 viii,
1459 1677 1511 1705 15.
1530 1672 1576 1706 cf.

918 1721 1086 1750 succedere.

875 1760 1020 1792 Subitam
1032 1760 1192 1791 consilium
1208 1759 1240 1790 G
1257 1759 1305 1797 iii,
1322 1761 1353 1789 8.

876 1803 1058 1834 Sublerotus
1077 1802 1155 1840 juba
1193 1803 1273 1842 equi,
1306 1801 1375 1842 qni,
1414 1801 1579 1840 prehensa

912 1846 1010 1886 juba,
1038 1845 1219 1884 attollitur,
1239 1849 1274 1875 et
1301 1853 1344 1875 ex
1368 1853 1408 1873 ea
1426 1843 1579 1884 pendens

919 1889 962 1919 ab
975 1899 1065 1929 equo
1080 1892 1237 1928 portatur
1253 1887 1284 1918 G
1302 1887 1325 1925 i,
1341 1889 1393 1917 48.

876 1930 1015 1969 Sublica,
1046 1930 1154 1969 trabs,
1185 1929 1255 1960 solo
1285 1927 1401 1968 infixa,
1432 1927 1580 1960 fulcrum

920 1974 1033 2013 pontis
1046 1973 1077 2004 G
1095 1972 1141 2012 iv,
1158 1974 1210 2003 17.

875 2015 1034 2052 Suquere,
1058 2015 1125 2045 ima
1149 2018 1247 2055 parte
1272 2013 1413 2052 alluere,
1433 2017 1472 2044 ut
1497 2023 1579 2044 mon-

919 2062 981 2089 tem
997 2058 1118 2100 fluvius
1143 2056 1258 2087 subluit
1275 2056 1306 2087 G
1334 2055 1391 2095 vii,
1408 2058 1450 2086 69
1485 2056 1512 2087 C
1529 2056 1578 2096 iii,

877 2143 1066 2183 δἰιόηιὶεειιε,
1083 2143 1139 2184 qui
1156 2142 1236 2173 nihil
1255 2141 1369 2178 audet,
1385 2145 1421 2172 et
1447 2141 1581 2181 patien-

920 2192 975 2217 ter
990 2186 1168 2226 imperium
1185 2184 1319 2226 perfert
1335 2184 1367 2215 G
1383 2183 1451 2224 viii,
1467 2186 1519 2214 31.

877 2228 1068 2260 submittere
1090 2228 1261 2259 subsidium
1285 2227 1317 2258 G
1334 2227 1368 2266 ii,
1383 2229 1434 2257 25.
1478 2226 1577 2258 subm.

919 2271 1055 2302 subsidio
1083 2271 1114 2302 G
1128 2272 1162 2310 ii,
1179 2273 1210 2301 6.
1233 2269 1306 2310 (ubi
1328 2279 1359 2300 c.
1376 2272 1406 2301 7.
1445 2278 1579 2308 permu-

920 2318 1028 2353 tatur,
1042 2314 1165 2344 mittere
1175 2311 1328 2351 subsidio)
1351 2311 1381 2342 G
1400 2321 1432 2349 v,
1450 2314 1504 2341 58.

878 2356 1031 2396 Submoti,
1047 2355 1224 2387 discedere
1241 2354 1351 2386 coacti
1369 2354 1401 2385 G
1418 2354 1440 2390 i,
1456 2356 1510 2383 25.

876 2398 1031 2430 Subruere
1044 2409 1176 2437 murum,
1192 2398 1326 2429 caedere
1350 2395 1503 2433 dolabra,
1520 2395 1578 2425 do-

920 2451 982 2472 nee
1007 2441 1198 2473 collabatur
1223 2441 1255 2472 G
1286 2440 1322 2478 ii,
1345 2441 1377 2469 6.
1424 2437 1578 2468 Dolabra

919 2488 972 2515 est
985 2493 1090 2524 genus
1102 2482 1243 2521 securis,
1269 2492 1301 2512 v.
1318 2481 1405 2512 Intt.
1428 2479 1519 2510 Flori
1535 2478 1579 2510 ad

919 2527 967 2564 iv,
981 2529 1033 2557 10.
1059 2526 1113 2558 ed.
1129 2526 1244 2557 Graev.

877 2567 1066 2607 Subsidian',
1093 2567 1242 2599 subsidio
1271 2566 1333 2604 ire,
1361 2565 1396 2595 in
1424 2563 1581 2596 subsidiis

922 2619 996 2641 esse
1013 2610 1045 2641 G
1062 2610 1133 2647 viii,
1151 2612 1200 2640 13.

880 2651 1072 2691 Subsidium,
1089 2652 1144 2692 qui
1162 2650 1287 2682 auxilio
1311 2649 1496 2681 mittuntur
1523 2648 1578 2687 iis,

924 2704 1063 2735 qnorum
1082 2694 1168 2724 vires
1182 2703 1250 2724 non
1261 2691 1433 2723 sufficiunt
1443 2691 1476 2723 G
1490 2691 1512 2731 i,
1525 2693 1579 2722 52.

923 2736 969 2767 cf.
986 2737 1121 2767 omnino
1142 2736 1229 2776 Gvii,
1255 2739 1286 2767 6.
1323 2734 1467 2765 Subsidia
1491 2734 1581 2764 collo-

923 2789 993 2810 care
1005 2778 1036 2811 G
1051 2780 1088 2820 ii,
1102 2782 1154 2811 22.
1191 2777 1359 2810 subsidium
1366 2776 1456 2816 ferre
1471 2776 1579 2815 aucun,
