1872 3104
606 201 811 233 NOTITIA
845 200 1057 230 GALLIAE.

111 296 153 328 In
184 296 335 328 Decreto
371 293 526 326 Gratiani
562 298 704 326 vocatur
742 293 807 324 Pa-

111 348 269 384 triam-lia,
293 351 328 377 et
349 345 528 386 aliquando
551 344 693 386 legimus
718 344 807 374 hunc

111 399 244 430 titulum
270 397 358 437 ipsos
379 395 611 425 Bituricenses
636 394 808 425 Praesnles

110 455 284 487 usurpare.
327 444 395 477 Sed
419 443 657 484 Forojuliensis
674 443 810 484 Episco-

109 506 172 538 pus
194 497 265 536 ipse
289 503 421 536 quoque
443 499 583 526 vocatur
597 493 809 525 Patriarcha.

110 547 152 578 In
167 545 403 578 vetustissimis
421 544 608 575 Annalibus
633 542 782 574 Franciae
799 554 807 573 ε

109 595 261 629 Paulinus
283 593 468 625 patriarcha
485 593 703 632 Forojuliensis
721 592 810 624 obiit.

153 644 289 675 XXIX.
316 644 509 676 Turonensis.
546 645 664 675 Tertia
677 643 810 683 Lugdu-

110 694 232 735 nensis.
265 693 371 726 Tours.
418 693 680 725 Caesarodunum
706 693 811 724 Turo-

110 753 201 776 num.
220 743 262 774 In
278 743 467 775 Ptolemaeo
481 744 567 774 male
583 753 743 775 excusum
758 748 812 775 est

110 792 299 835 Τουρούπιοι,
321 803 384 834 pro
399 793 560 835 Τουρόνιοι.

144 844 271 884 xxx.
289 844 515 884 Lugdunensis.
540 844 741 884 Lugdunum
755 844 812 875 Se-

111 894 336 935 gusiauomm
408 895 522 926 Prima
567 894 813 934 Lugdunensis.

112 943 205 975 Lion.
250 942 363 975 Hodie
391 943 556 984 primatus
587 943 678 974 Cleri
708 942 814 973 Galli-

114 1002 201 1025 cam.

108 1090 273 1128 >Tribunal
288 1091 489 1123 Tolosanum
513 1090 752 1131 amplissimum
767 1090 815 1130 in-

156 1143 315 1175 stitutum
331 1152 352 1174 a
367 1143 461 1183 Rege
476 1143 601 1173 Karolo
616 1142 699 1173 VII.
712 1142 816 1173 habet

155 1192 216 1224 snb
239 1201 275 1223 se
300 1192 462 1224 dioeceses
480 1202 581 1223 unam
605 1196 641 1223 et
663 1192 817 1233 triginta,

159 1243 390 1284 Episcopatus
413 1243 446 1273 in
463 1243 514 1274 his
531 1250 650 1273 xxnx.
673 1241 816 1274 Archie-

159 1294 355 1334 piscopatus
369 1298 451 1324 tres,

167 1392 231 1424 Sub
247 1393 416 1434 Metropoli
430 1392 625 1424 Narbonensi
640 1393 766 1434 Episco-

362 1447 455 1483 patus
468 1453 584 1474 not-em.

159 1493 191 1525 1.
214 1494 443 1526 Nemausensis.
493 1495 684 1526 Nemausus
698 1493 821 1525 Volca-

120 1554 197 1576 rum
211 1545 498 1578 Arecomicorum.
542 1545 679 1577 Nismex.

160 1595 210 1628 11.
238 1595 422 1627 Ucetiensis.
457 1596 562 1628 Usetz.
599 1594 821 1627 Ucetensium

122 1644 255 1684 civitas.

161 1694 445 1731 111.1Lutenensis.
499 1694 646 1726 Luteva.
690 1694 821 1726 Ludere.

162 1745 225 1776 IV.
274 1743 384 1775 Sancti
435 1744 546 1776 Pontii
601 1744 822 1776 Tomeriarum.

120 1794 230 1826 Sainct
246 1794 332 1826 Pont
346 1796 385 1826 de
403 1795 568 1826 Tomieres.

161 1844 207 1876 V.
227 1844 394 1876 Aletensis.
430 1845 517 1876 Alet.
538 1845 606 1876 Pro
622 1844 736 1885 quoin
753 1843 825 1874 De-

121 1898 218 1926 creto
234 1898 271 1926 et
287 1894 527 1926 Decretalibus
551 1893 734 1935 aliqnando
752 1902 826 1933 per-

120 1954 236 2028 ffimm
253 1945 385 1976 editum
401 1949 465 1985 est,
476 1944 680 1976 Arelatensis.
696 1943 824 1974 Civitas

169 1995 350 2027 etensium.

163 2044 227 2075 Vl.
252 2044 495 2087 Magalonensis.
543 2043 736 2084 Mompelier.
772 2042 827 2074 Ab

122 2095 235 2128 insula
249 2095 443 2136 Magalone‚
466 2095 523 2127 nbi
541 2095 634 2136 prius
651 2095 716 2137 fuit
729 2094 827 2126 sedes

127 2144 354 2186 Episcopalis‚
378 2145 414 2175 in
429 2145 543 2176 Volcis
557 2144 776 2177 Arecomicis.

167 2193 250 2226 VII.
276 2194 477 2225 Bitierensis.
507 2194 646 2226 Besiers.
677 2194 830 2234 Bifierae,

130 2248 190 2276 aut
205 2243 335 2275 Biterae
351 2244 625 2284 Septimanorum
648 2245 682 2276 in
703 2244 829 2276 Areco-

128 2294 239 2326 micis.
285 2294 473 2325 Ptolemaeo
489 2293 634 2334 βαιτίραι.

170 2344 276 2377 VIII.
313 2344 514 2384 Agathemis.
569 2345 674 2384 Agde.
715 2344 832 2384 Ἀγαθὴ

127 2391 223 2432 τύχη.
257 2392 287 2424 Α
305 2392 574 2424 Massiliensibus
604 2394 735 2426 Graecis
753 2404 831 2426 con-

130 2443 204 2474 dita
219 2442 253 2473 in
267 2442 386 2473 Volcis
403 2441 622 2474 Arecomicis.

172 2491 237 2523 IX.
286 2491 546 2522 carcassonensis.
635 2493 832 2523 Carcassone.

131 2543 294 2575 Carcasso
310 2545 493 2575 Volcarum
507 2544 738 2584 Tectosagum.

185 2594 249 2626 Sub
264 2594 432 2633 Metropoli
448 2594 642 2625 Bituricensi
656 2594 783 2634 Episco-

364 2648 458 2685 patus
472 2647 600 2685 septem.

176 2694 220 2736 X.
244 2695 457 2737 IlIimutensis.
490 2695 616 2726 Mende.
651 2694 756 2725 Vicus
772 2694 838 2725 Mi-

134 2747 242 2776 mates
279 2744 498 2787 Gabalornm‚
534 2745 589 2776 vel
619 2744 837 2777 Gabalitano·

1442 194 1555 236 2003

862 303 948 332 rum,
973 293 1086 323 Mende
1100 293 1138 323 ‹le
1155 293 1343 323 Givanldam.
1386 294 1473 324 Nam
1494 296 1560 335 syl.

860 343 969 374 labam
986 342 1051 373 GA
1076 342 1217 382 primam
1243 343 1276 373 in
1305 343 1442 374 vocibus
1467 345 1558 377 Galli

860 398 992 424 mutant
1029 394 1062 423 in
1103 393 1168 432 GI,
1207 393 1459 432 Gabalitanum,
1500 397 1558 426 Gi·

859 444 1011 474 vauldan:
1035 442 1214 482 Gabalum,
1240 443 1354 474 Gibet:
1377 444 1561 484 Garumna,

863 492 1019 524 Gironde:
1047 503 1146 534 quam
1171 494 1271 524 etiam
1294 493 1491 526 Gerunnam
1510 505 1563 526 vo-

862 548 919 574 cat
942 544 1141 575 Gnilielmus
1167 544 1266 574 Brito
1289 544 1322 575 in
1350 554 1410 576 sua
1433 545 1562 586 Philip-

862 593 984 635 peide:
1023 594 1126 629 Quum
1151 598 1219 634 post
1249 595 1429 636 retrofluum
1451 597 1562 637 pelago

860 647 1012 674 crescente
1032 644 1221 675 Gerunnam.

905 693 968 724 XI.
995 695 1182 725 Castrensis.
1208 696 1343 727 Castres.
1378 695 1563 736 Episcopa-

862 749 916 775 tus
933 754 1048 774 novus.

905 795 988 825 XII.
1011 794 1198 833 Albigensis.
1229 794 1316 825 Albi.
1362 794 1490 826 Civitas
1508 795 1565 826 Al-

863 845 1061 885 bigeusium.

907 895 1009 926 XIII.
1032 895 1216 926 Aniciensis.
1263 894 1309 925 Le
1323 894 1387 925 Pul·
1401 904 1437 926 en
1459 895 1565 937 Velay.

865 946 992 977 Civitas
1009 945 1250 976 Velanuornm.

907 995 1004 1026 XIV.
1028 995 1226 1026 Rutenensis.
1265 994 1380 1026 stodes.
1419 993 1568 1035 Segodu-

865 1055 943 1076 num
960 1044 1186 1075 Rutenorum.

882 1132 885 1133 ⁷
909 1095 987 1126 XV.
1028 1094 1202 1125 Vabrensis.
1268 1093 1394 1125 Vabres.
1448 1093 1567 1124 Novus

868 1144 1094 1185 Episcopatus
1121 1154 1162 1175 ex
1189 1144 1410 1184 Monosterio‚
1448 1144 1571 1175 abscis-

868 1205 923 1226 sus
942 1205 961 1225 a
978 1195 1131 1226 Ruteusi.

910 1245 1005 1276 XVI.
1031 1245 1245 1276 Caclurcensis.
1285 1245 1390 1275 θεῖοι-ε,

869 1295 1113 1327 Cadurcorum.

868 1345 933 1376 Sub
948 1345 1116 1385 Metropoli
1132 1355 1208 1375 nova
1229 1345 1348 1382 Tolosa,
1372 1348 1485 1384 septem
1501 1344 1574 1375 noxi

914 1395 1119 1434 Episcopatus
1141 1405 1181 1425 ex
1202 1395 1415 1433 ‚venustet-iis,
1440 1395 1575 1426 detracti

1434 1244 1572 1275 Divona

913 1446 950 1475 (Ie
964 1445 1115 1481 cliversis;
1135 1445 1254 1484 purtim
1268 1445 1384 1483 singuli
1408 1445 1445 1475 de
1467 1444 1574 1484 singu-

913 1495 963 1533 lis,
977 1495 1096 1534 partim
1109 1494 1227 1533 singuli
1241 1496 1279 1525 de
1290 1494 1447 1534 pluribus.

913 1544 1032 1575 XVII.
1053 1544 1261 1584 Apamiensz's.
1307 1544 1461 1579 Pamiers.

916 1593 1052 1625 XVIII.
1075 1593 1308 1633 Mirapicensts.
1348 1594 1522 1634 Mirepoix.

917 1643 1016 1675 XIX.
1040 1643 1149 1674 Sancti
1165 1644 1290 1684 Populi.
1318 1643 1426 1674 Sainct
1444 1643 1575 1684 Papoul.

917 1694 994 1725 XX.
1019 1694 1295 1725 Montalbarzensts.
1340 1693 1556 1724 JIontauumn.

937 1743 1046 1773 Sainct
1067 1743 1226 1774 Theodard
1242 1744 1279 1773 de
1296 1741 1514 1774 Montaulhan.

918 1793 1020 1824 XXI.
1048 1792 1225 1824 ramensis.
1270 1792 1318 1822 La
1340 1793 1432 1822 Γαιιν.

918 1841 1036 1873 XXII.
1063 1842 1218 1873 Ricensis.
1257 1841 1362 1872 Rieus.
1400 1840 1486 1872 Rivi.
1522 1840 1578 1871 Ri-

875 1901 978 1923 vense
995 1892 1255 1923 Monasterinm.

919 1942 1059 1974 XXIII.
1077 1941 1315 1972 Lombarz’ensis.
1332 1940 1468 1971 Lombe's.
1485 1939 1582 1971 Lom-

878 1992 1031 2023 bariensc
1049 1991 1304 2022 monasterium.

941 2041 1005 2072 Sub
1021 2042 1190 2082 Metropoli
1204 2042 1377 2073 Auscorum
1394 2044 1526 2082 quatuor

1122 2091 1334 2132 Episcopatus.

923 2142 1054 2173 XXIV.
1093 2142 1309 2173 Com-cnemis.
1356 2141 1464 2172 Sainct
1502 2141 1584 2172 Ber-

880 2194 972 2224 trund
987 2194 1024 2223 de
1050 2193 1210 2232 Cominge.
1235 2192 1439 2232 Lugdunum
1456 2191 1584 2222 Conve-

880 2253 1001 2275 narum
1018 2244 1097 2274 olim
1113 2243 1154 2274 ab
1176 2243 1330 2274 exercitu
1348 2240 1585 2273 Guntchranni

882 2294 990 2334 Regis
1030 2293 1192 2332 dirutum,
1237 2298 1273 2324 et
1303 2302 1344 2323 ex
1379 2292 1453 2332 ejus
1480 2290 1584 2321 ruinis

881 2344 997 2376 Sancti
1013 2345 1199 2376 Bertrandi
1219 2344 1348 2375 Fanum
1364 2343 1398 2372 in
1418 2342 1505 2372 valle
1522 2341 1585 2372 Ca-

882 2394 997 2435 praria
1013 2399 1259 2425 constructum.

926 2445 1037 2476 XXV.
1057 2444 1328 2476 Consarannensis.
1353 2442 1459 2472 Sainct
1470 2440 1587 2480 Legier

883 2497 921 2527 de
937 2497 1118 2526 causer-ans.
1144 2495 1271 2526 civitas
1285 2494 1586 2530 Consarannorurn.

927 2545 1059 2575 XXVI.
1097 2543 1270 2574 Turbensis.
1320 2543 1347 2572 T
1346 2541 1426 2572 arbe.
1473 2540 1588 2571 Tarba

885 2592 1120 2634 Bigerronnm.
1180 2593 1222 2623 In
1254 2591 1374 2623 notitia
1414 2590 1588 2625 Provinci-

885 2652 978 2673 arum
993 2642 1116 2673 Galliae
1133 2642 1218 2672 male
1232 2641 1363 2672 editum
1379 2640 1495 2673 Τιινὺα.

929 2691 1079 2724 XXVII.
1101 2691 1344 2723 Lactoraeensis.
1388 2691 1565 2723 Laictoure.
