1872 3104
581 184 620 213 c.
651 181 690 212 J.
722 178 936 211 cAESAmS
973 179 1104 208 νιτΑ.
1461 168 1571 210 1963

638 401 673 442 C
689 401 730 442 A
745 401 799 442 P.
853 400 1039 442 XLIII.

117 525 282 555 Caesarem
299 523 423 554 milites
440 522 490 554 sui
512 531 665 564 pugnare
687 521 822 562 jubent,
838 530 938 561 quam
963 520 1108 560 primum
1133 522 1258 560 posset.
1307 517 1429 550 Omina
1446 516 1571 547 Caesari

777 572 903 604 felicia.

163 691 211 731 ‘O
243 692 285 730 δὲ
316 694 467 742 Καῖσαρ
499 694 580 732 τοὺς
615 694 834 742 στρατιώτας
864 694 1106 739 συναγαγὼν,
1129 692 1186 726 καὶ
1208 691 1403 738 προειπὼν,
1434 691 1477 725 ὡς
1507 685 1570 723 δύο

110 757 181 807 μὲν
212 759 310 809 αὐτῷ
339 763 514 809 τάγματα
548 759 772 809 Κορφίνιοςι
809 759 914 804 ἄγων
948 758 1061 804 ἐγγύς
1095 757 1207 798 ἐστιν,
1244 755 1360 789 ἄλλαι
1381 750 1422 788 δὲ
1442 766 1570 788 πεντε·

112 819 261 858 καίδεκα
283 827 428 872 σπεῖραι
460 825 554 871 μετὰ
572 823 754 868 Καληνοῦ
783 824 959 867 κάθηνται
992 821 1072 868 περὶ
1103 818 1270 866 Μέγαρα
1302 817 1359 852 καὶ
1389 815 1567 860 Ἀθήνας,

110 886 295 933 ἠρώτησεν
316 886 390 924 ε’ίτε
419 885 621 933 βούλονται
641 889 852 934 περιμένειν
873 885 1044 927 ἐκείνους,
1065 882 1130 918 εἶτ’
1149 881 1251 917 αὐτοὶ
1272 877 1569 916 διακινδυνεῦσαι

113 949 188 985 καθ’
207 949 366 987 ἑαυτούς.
414 948 465 987 Οἱ
484 948 512 986 δ’
530 948 761 996 ἀνεβόησαν,
783 947 950 996 δεόμενοι
969 948 1019 997 μὴ
1040 948 1264 994 περιμένειν,
1285 944 1386 980 ἀλλὰ
1404 943 1568 992 μᾶλλον,

111 1011 205 1048 ὅπως
234 1013 395 1062 τάχιστα
430 1017 606 1050 συνίωσιν
635 1015 685 1050 εἷς
720 1018 850 1063 χεῖρας
882 1017 956 1049 τοῖς
987 1013 1189 1059 πολεμίοις,
1220 1008 1475 1058 τεχνάὲεσθαι
1508 1006 1568 1042 καὶ

113 1081 349 1123 στρατηγεῖν.
407 1075 626 1127 Ποιουμένῳ
646 1075 688 1113 δὲ
707 1075 896 1125 καθαρμὸν
915 1076 1011 1125 αὐτῷ
1031 1080 1091 1117 τῆς
1113 1071 1313 1122 δυνάμεως,
1335 1073 1393 1107 καὶ
1413 1070 1569 1107 θύσαντι

109 1137 149 1174 τὸ
170 1145 311 1188 πρῶτον
332 1139 476 1188 ἱερεῖον,
499 1141 603 1177 εὐθὺς
622 1141 640 1177 ὁ
659 1141 788 1190 μάντις
805 1140 958 1190 ἔφραὲε,
981 1144 1088 1187 τριῶν
1108 1139 1251 1185 ἡμερῶν
1267 1137 1283 1153 ²
1315 1135 1419 1187 μάχῃ
1453 1134 1569 1182 κριθή·

111 1203 242 1238 σεσθαι
261 1203 345 1250 πρὸς
365 1204 444 1240 τοὺς
462 1206 675 1253 πολεμίους.
731 1204 931 1253 Ἐρομένου
965 1199 1006 1237 δὲ
1035 1205 1097 1237 τοῦ
1126 1199 1330 1247 Καίσαρος,
1354 1199 1385 1234 εἰ
1407 1198 1466 1233 καὶ
1486 1196 1570 1244 περὶ

110 1270 172 1303 τοῦ
192 1270 317 1305 τέλους
336 1269 444 1317 ἐνορᾷ
477 1285 510 1306 τι
538 1274 611 1305 τοῖς
642 1269 781 1316 ἱερείοις
815 1268 1004 1316 εὔσημον;
1050 1264 1171 1302 Αὐτὸς
1201 1265 1262 1307 ἂν,
1295 1263 1378 1312 ἔφη,
1401 1259 1444 1298 σὺ
1464 1264 1568 1297 τοῦτο

109 1328 264 1375 βέλτιον
300 1332 512 1380 ὑποκρίναιο
545 1335 680 1382 σαυτῷ·
723 1332 898 1382 μεγάλην
936 1332 1008 1378 γὰρ
1048 1330 1081 1366 οἱ
1124 1329 1199 1365 θεοὶ
1242 1325 1461 1375 μεταβολὴν
1508 1324 1568 1360 καὶ

107 1394 344 1442 μετάπτωσιν
376 1396 435 1432 ἐπὶ
465 1398 510 1433 τὰ
537 1396 694 1433 ἐναντία
726 1402 797 1432 τῶν
827 1396 1062 1432 καθεστώτων
1083 1391 1269 1438 δηλοῦσιν·
1304 1391 1399 1433 ὥστ’,
1432 1390 1465 1425 εἷ
1497 1388 1568 1437 μὲν

108 1454 150 1493 εὖ
168 1457 341 1508 πράττειν
360 1461 433 1512 ἡγῇ
455 1459 611 1496 σεαυτὸν
631 1460 692 1496 ε’πὶ
712 1462 759 1509 τῷ
780 1461 946 1506 παρόντι,
972 1460 1038 1501 τὴν
1057 1460 1211 1507 χείρονα
1231 1451 1415 1502 προσδόκα
1434 1452 1565 1501 τύχην

108 1520 140 1556 εἷ
161 1517 200 1556 δὲ
220 1527 344 1565 κακῶς,
366 1523 432 1566 τὴν
450 1523 644 1571 ἀμείνονα.
664 1543 715 1549 -—-
735 1521 792 1573 Τῇ
815 1520 855 1558 δὲ
875 1521 943 1570 πρὸ
964 1527 1024 1564 τῆς
1042 1523 1164 1570 μάχης
1186 1519 1283 1554 νυκτὶ
1312 1518 1375 1552 τὰς
1405 1516 1569 1566 φυλακὰς

108 1581 344 1632 ἑφοδεὺοντος
363 1585 488 1629 αὐτοῦ,
507 1587 590 1634 περὶ
607 1585 647 1622 τὸ
666 1585 908 1633 μεσονύκτιον
921 1585 935 1606 ³
963 1585 1062 1634 ὤφθη
1082 1584 1234 1631 λαμπὰς
1253 1583 1425 1629 οὐρανίου
1444 1578 1567 1626 πυρὸς,

109 1648 154 1689 ἣν
184 1646 500 1697 ὑπερενεχθεῖσαν
534 1649 574 1685 τὸ
605 1648 795 1696 Καίσαρος
827 1646 1088 1696 στρατόπεδον,
1117 1647 1294 1695 λαμπρὰν
1315 1645 1372 1680 καὶ
1391 1640 1568 1694 φλογώδη

110 1712 329 1757 γενομένην,
359 1709 509 1755 ἔδοξεν4
539 1713 588 1749 εἷς
617 1712 657 1748 τὸ
684 1711 886 1761 Πομπηΐου
922 1715 1161 1749 καταπεσεῖν·
1196 1710 1343 1751 ἑωθινῆς
1377 1705 1419 1743 δὲ
1451 1707 1569 1757 φυλα-

110 1778 169 1816 κῆς
188 1774 247 1809 καὶ
275 1774 430 1810 πανικὸν
462 1775 627 1826 τάραχον
659 1776 831 1828 ᾔσθοντο,
866 1777 1098 1824 γιγνόμενον
1129 1774 1229 1821 παρὰ
1259 1776 1331 1809 τοῖς
1360 1772 1565 1818 πολεμίοις.

107 1833 167 1873 Οὐ
184 1837 259 1885 μὴν
276 1840 485 1887 μαχεῖσθαί
504 1855 550 1886 γε
569 1843 646 1877 κατ’
672 1841 821 1885 ἐκείνην
840 1838 1046 1887 προσεδόκα
1067 1840 1133 1883 τὴν
1154 1839 1312 1887 ἡμέραν,
1333 1836 1419 1871 ἀλλ’
1442 1836 1487 1870 ὡς
1507 1833 1567 1869 ἐπὶ

108 1896 305 1944 Σκοτούσης
324 1898 460 1937 ὁδεύων
477 1902 746 1950 ἀνεέεὖγνυεν.

764 2018 908 2050 NOTAE

153 2091 169 2119 l
194 2088 369 2129 Κορφίνιος]
393 2091 519 2123 Omnes
533 2093 718 2125 emendant
734 2097 810 2133 Kop-
861 2093 974 2131 λακῆς,
991 2092 1086 2123 Plut.
1102 2091 1225 2130 Pomp.
1242 2092 1296 2121 68.

108 2138 247 2180 νιφῖκιος,
275 2145 313 2172 ut
340 2141 374 2171 in
400 2142 511 2174 Anon.
537 2150 600 2176 est.
645 2145 810 2177 Occurrit
905 2148 924 2175 4
955 2142 1095 2182 Ἔδοξεν]
1161 2138 1390 2177 Existimabat,
1422 2137 1567 2179 putabat.

109 2191 233 2222 iterum
257 2201 288 2222 C·
304 2195 357 2222 51·
399 2193 556 2234 Bryanus.
609 2197 651 2229 Q.
669 2196 808 2228 Cornifi·
864 2195 938 2226 Non
957 2203 1039 2235 opus
1055 2196 1120 2230 est,
1131 2196 1168 2222 nt
1182 2200 1257 2222 curn
1270 2189 1408 2221 Reiskio
1425 2188 1568 2228 ἐδόξασεν

108 2240 180 2271 cius
207 2241 349 2272 Caesaris
374 2248 522 2282 quaestor
544 2250 630 2283 erat,
661 2247 738 2277 Caes.
765 2248 808 2278 Β.
860 2245 966 2285 legas.
1013 2244 1165 2283 Propter
1180 2242 1246 2272 hoc.
1263 2239 1360 2271 σέλας
1375 2239 1473 2278 οἱμὲν
1488 2239 1567 2280 ἀμφὶ

110 2291 203 2322 Alex.
220 2293 273 2322 42.
328 2292 371 2324 Q.
390 2292 547 2336 Calenus,
562 2296 704 2327 Caesaris
720 2296 810 2336 lega·
862 2294 918 2325 τὸν
932 2292 1092 2332 Πομπήϊον
1107 2290 1231 2322 ἔσεσθαί
1253 2303 1284 2321 τι
1307 2289 1449 2331 λαμπρὸν
1465 2290 1568 2320 αὐτοῖς

110 2344 178 2371 tus·
863 2344 984 2385 ἔφασαν
999 2344 1034 2375 ἐκ
1048 2345 1110 2374 τῶν
1123 2340 1289 2380 πολεμίων.
1334 2342 1371 2371 Ὅ
1387 2340 1419 2372 δὲ
1436 2342 1568 2380 Καῖσαρ,

153 2393 173 2421 2
195 2391 289 2430 Τριῶν
302 2389 433 2432 ἡμερῶν]
467 2393 558 2426 Intra
573 2396 724 2427 triduum.
863 2394 989 2431 σβέσειν
1027 2393 1119 2425 αὐτὸς
1155 2392 1294 2431 ἐμπεσὼν
1322 2391 1364 2422 τὰ
1394 2389 1566 2430 Πομπηΐου.

153 2444 172 2472 3
196 2440 269 2481 Περὶ
283 2439 320 2471 Τὸ
334 2441 548 2485 μεσονύκτιον]
591 2446 732 2484 *Εωθινῆς
754 2452 809 2487 φυ-
861 2446 1007 2478 Scotusa
1018 2449 1069 2477 est
1086 2443 1164 2475 urbs
1178 2441 1372 2474 Thessaliae.
