1872 3104
571 165 611 193 c.
643 162 680 192 J.
711 159 927 190 cAESAms
962 159 1092 188 vl'rAv.
1458 148 1561 189 1981

654 415 689 456 (J
706 413 747 454 A
761 414 814 455 Ρ.
874 412 1025 454 LVII.

116 526 254 564 ean-sari,
280 534 355 556 cum
383 525 529 556 dictator
555 528 740 565 perpetuus
765 527 899 554 creatus
920 527 1022 561 esset,
1040 522 1183 554 honoros
1200 532 1300 563 snpra
1315 526 1441 554 sortem
1458 522 1570 554 huma=

156 589 231 610 nam
258 579 496 617 deceriuintur,
520 579 640 619 quibus
667 578 720 608 vel
749 578 879 609 civibus
906 576 1186 607 moderatissimis
1214 576 1374 607 molestus
1403 576 1569 607 redditum

156 634 197 664 Iu
224 635 346 665 inuitos
371 639 483 665 tamen
513 643 642 672 eorum,
660 633 716 674 qui
742 643 835 664 arma
862 637 981 663 contra
1007 641 1084 662 eum
1111 632 1272 669 tulerant,
1291 630 1570 661 clementissimus

153 692 217 725 est,
233 688 397 719 satellites
415 688 554 728 respuit,
572 687 733 728 populum
749 686 845 717 donis
862 686 1034 722 conciliat,
1057 685 1182 716 milites
1199 684 1232 714 in
1248 684 1395 715 colonias
1411 683 1528 714 mittit.

162 781 222 819 Οὐ
238 785 312 832 μὴν
333 784 432 819 ιἰλλίι
453 785 509 819 καὶ
530 782 614 832 πρὸς
635 785 700 828 τὴν
719 782 837 833 τύχην
869 787 931 819 τοῦ
964 780 1094 830 ἀνδρὸς
1127 782 1388 828 ἐγκεκλικότες,
1421 783 1479 816 καὶ
1513 779 1571 817 δε-

114 845 290 896 δεγμένοι
311 848 374 884 τὸν
394 848 569 898 χαλινὸν,
592 850 651 883 καὶ
670 854 742 884 τῶν
762 848 950 897 ἐμφυλίων
970 848 1142 894 πολέμων
1163 846 1223 880 καὶ
1243 850 1361 881 κακῶν
1377 845 1572 889 ἀναπνοὴν

110 910 311 960 ἡγούμενοι
331 913 398 955 τὴν
413 913 654 962 μοναρχίαν,ι
691 909 894 959 δικτάτωρα
925 910 996 959 μὲν
1028 908 1140 945 αὐτὸν
1170 906 1372 954 ἀπέδειξαν
1391 906 1451 944 διὰ
1470 906 1571 954 βίον.

110 973 230 1011 Τοῦτο
250 972 279 1010 δ’
295 973 340 1019 ἦν
360 976 640 1024 ὁμολογουμένη
659 974 729 1022 μὲν
748 974 932 1022 τυραννὶς,
954 975 1000 1023 τῷ
1021 971 1260 1021 ἀνυπευθύνῳ
1283 977 1342 1014 τῆς
1361 973 1570 1021 μοναρχίας

111 1037 150 1074 τι)
170 1039 455 1074 ἀκατάπαυστον
475 1036 774 1085 προσλαβούσης.
829 1035 949 1085 Τιμὰς
975 1034 1014 1072 δὲ
1045 1039 1106 1073 τὰς
1127 1037 1268 1085 πρώτας
1296 1034 1500 1083 Κικέρωνος
1521 1037 1572 1071 εἷς

109 1101 175 1145 τὴν
203 1097 346 1146 βουλὴν
379 1101 604 1150 γράψαντος,
637 1099 688 1138 ὦν
719 1102 949 1150 ἀμωσγέπως
986 1102 1219 1149 ἀνθρώπινον
1248 1097 1294 1143 ἧν
1326 1098 1366 1136 τὸ
1398 1100 1570 1148 μέγεθος,

111 1165 225 1213 ἕτεροι
261 1168 517 1214 προστιθέντες
554 1163 778 1215 ὑπερβολὰς,
817 1166 876 1200 καὶ
914 1162 1207 1214 διαμιλλώμενοι
1245 1162 1331 1210 πρὸς
1368 1163 1569 1208 ἀλλήλους,

111 1228 375 1277 ἐξειργάσαντο
414 1230 472 1265 καὶ
506 1233 579 1265 τοῖς
613 1231 828 1276 πρᾳοτάτοις
864 1228 1011 1277 ἐπαχθῆ
1051 1228 1114 1264 τὸν
1152 1224 1271 1275 ἄνδρα
1306 1227 1364 1264 καὶ
1403 1227 1571 1274 λυπηρὸν

1500 1288 1571 1327 Οἷς

108 1352 216 1391 οὐδὲν
235 1353 343 1399 ἧττον
361 1356 502 1391 οἴονται
523 1356 857 1402 συναγωνίσασθαι
884 1361 956 1391 τῶν
988 1356 1262 1391 κολακευόντων
1289 1354 1467 1403 Καίσαρα
1491 1352 1571 1391 τοὺς

112 1293 302 1338 γενέσθαι,
336 1291 396 1329 διὰ
430 1292 494 1329 τὸν
524 1292 637 1339 ὄγκον
668 1293 726 1328 καὶ
757 1294 823 1336 τὴν
854 1293 1017 1328 ἀτοπίαν
1046 1297 1119 1328 τῶν
1153 1291 1433 1342 ψηφιὲομένων.

107 1423 320 1467 μισοῦντας,
342 1418 437 1455 ὅπως
456 1418 510 1455 ὅτι
538 1421 716 1456 πλείστας
747 1421 822 1456 κατ’
852 1420 962 1455 αὑτοῦ
989 1422 1187 1469 προφάσεις
1220 1421 1348 1468 ἔχωσι,
1383 1419 1443 1454 καὶ
1476 1420 1571 1466 μετὰ

108 1484 298 1530 μεγίστων
316 1482 561 1531 ἐγκλημάτων
594 1483 799 1533 ἐπιχειρεῖν
829 1480 993 1519 δοκῶσιν.
1049 1482 1152 1518 Ἐπεὶ
1182 1485 1228 1519 τά
1262 1484 1296 1529 γ’
1329 1482 1467 1525 lina?
1498 1488 1571 1518 τῶν

107 1545 295 1594 ἐμφυλίων
314 1546 410 1595 αὐτῷ
429 1547 605 1594 πολέμων
621 1549 732 1594 πέρας
750 1546 978 1596 ἐσχηκότων,
991 1546 1225 1592 ἀνέγκλητον
1244 1545 1378 1585 ἑαυτὸν
1392 1550 1568 1596 παρεῖχε·

108 1609 166 1644 καὶ
185 1609 274 1655 τόγε
303 1614 363 1651 τῆς
393 1608 612 1645 Ἐπιεικείας
632 1608 730 1657 ἱερὸν
749 1611 811 1645 οὐκ
827 1608 903 1645 ’ἀπὸ
924 1612 1057 1658 τρόπου
1077 1608 1224 1646 δοκοῦσι
1244 1611 1487 1661 χαριστήριον
1507 1610 1568 1646 ἐπὶ

108 1673 150 1723 τῇ
171 1672 281 1707 αὑτοῦ
301 1672 475 1719 πρᾳότητι
496 1671 741 1722 ψηφίσασθαι.
797 1672 874 1709 Καὶ
903 1674 974 1720 γὰρ
1004 1673 1120 1724 ἀφῆκε
1141 1672 1300 1710 πολλοὺς
1319 1681 1390 1711 τῶν
1411 1676 1570 1710 πεπολε-

105 1736 272 1782 μηκότων
290 1735 376 1782 πρὸς
395 1734 518 1778 αὐτὸν,
551 1736 660 1771 ἐνίοις
689 1733 728 1770 δὲ
762 1736 820 1772 καὶ
854 1737 959 1785 τιμὰς
993 1739 1050 1772 καὶ
1081 1738 1211 1787 ἀρχὰς,
1247 1740 1292 1774 ὡς
1323 1737 1466 1788 Βρούτῳ
1503 1739 1563 1773 καὶ

838 1799 851 1821 ³
886 1802 958 1847 γὰρ
991 1801 1200 1850 ἀμφότεροι.

106 1861 218 1906 πηίου
249 1860 586 1911 καταβεβλημένας
615 1863 758 1899 εἰκόνας
787 1864 828 1899 οὗ
860 1861 1056 1910 περιεῖδεν,
1086 1865 1172 1899 ἀλλ’
1203 1865 1424 1909 ἀνέστησεν.

119 1921 165 1946 ’ῑ4

105 1941 132 1976 P

107 1986 186 2025 τοῦς
206 1986 317 2026 ἰδίους
336 1990 457 2035 ἔπηξε.

1258 1800 1336 1837 Καὶ
1369 1802 1431 1838 τὰς
1464 1799 1569 1848 Πομ-

183 1926 242 1961 καὶ
260 1925 427 1973 Κικέρων
447 1924 564 1969 εἶπεν,
586 1925 640 1962 ὅτι
660 1925 824 1974 Καῖσαρ,
846 1923 929 1963 τοὺς
946 1925 1150 1975 Πομπηΐου
1170 1928 1308 1971 στήσας
1327 1925 1566 1976 ἀνδριάντας,

106 1797 279 1848 Κασσίῳ,
300 1800 537 1846 προσέθηκεν·
573 1798 826 1846 ἐστρατήγουν

513 1988 599 2026 Τῶν
633 1987 675 2026 δὲ
705 1993 824 2040 φίλων
843 1990 1043 2036 ἀξιούντων
1062 1989 1174 2028 αὐτὸν
1194 1989 1483 2041 δορυφορεῖσθαι,
1506 1992 1566 2027 καὶ

107 2053 258 2088 πολλῶν
278 2053 337 2089 ἐπὶ
357 2057 462 2090 τοῦτο
479 2054 720 2104 παρεχόντων
741 2052 902 2099 ἑαυτοὺς,
935 2056 1005 2106 οὐχ
1024 2055 1234 2104 ὑπέμεινεν·
1266 2057 1391 2099 εἰπὼν,
1413 2057 1458 2092 ὡς
1477 2053 1568 2102 βέλ-

758 2170 899 2203 NOTAE

151 2244 167 2273 1
194 2241 256 2278 Τὴν
271 2242 416 2283 μοναρχ.]
447 2243 491 2275 V.
507 2253 536 2276 c.
553 2253 577 2275 1.
593 2249 675 2277 nota
692 2249 722 2277 l.

150 2296 170 2324 2
206 2292 251 2324 Τά
279 2294 309 2332 γ’
340 2293 441 2334 ἄλλα]
499 2295 686 2328 Subaudias
717 2296 808 2328 κατά.

108 2342 237 2374 Reiske
252 2353 342 2385 susp.
359 2344 424 2375 ἐπεὶ
440 2344 482 2376 εἷς
495 2344 536 2376 τά
547 2347 578 2385 γ’
594 2346 690 2379 ἄλλα.
725 2349 809 2379 Mox

108 2393 246 2431 Reiske,
268 2394 391 2426 Solano
415 2396 591 2435 suadente,
621 2407 808 2438 pronomen

108 2443 217 2474 ἑαυτὸν
232 2444 396 2475 inseruit:
429 2450 464 2476 et
489 2447 589 2486 paulo
612 2452 689 2488 post
715 2448 810 2479 αὐτοῦ

107 2499 188 2526 ante
209 2493 370 2535 πρᾳότητι,
395 2495 454 2526 ubi
478 2497 586 2528 minus
614 2507 697 2538 opus
723 2505 808 2530 erat.

107 2545 164 2576 De
179 2544 308 2585 templo
332 2544 544 2584 Clementiae,
559 2547 655 2586 cujus
680 2546 808 2587 effigies

107 2595 142 2626 in
158 2594 300 2626 nummis
315 2599 424 2635 extat,
450 2595 536 2638 (vid.
551 2597 649 2628 Thes.
671 2597 807 2629 Moreil.

107 2646 202 2677 Fam.
231 2644 326 2678 Julia
353 2645 440 2677 Tab.
473 2655 508 2678 v.
538 2656 631 2678 num.
660 2646 728 2687 w.)
764 2646 808 2679 cf.

108 2695 200 2738 App.
230 2705 271 2729 11.
301 2700 400 2730 106.2
437 2697 488 2729 καὶ
515 2698 586 2730 νεὼς
615 2698 806 2739 ἐψηφίσαντο

862 2246 1000 2278 πολλοὺς
1015 2246 1096 2286 αὐτῷ
1110 2246 1255 2286 γενέσθαι
1270 2245 1406 2287 καθάπερ
1427 2247 1495 2285 θεῷ,
1518 2245 1570 2277 καὶ

864 2296 964 2327 κοινὸν
993 2297 1087 2327 αὐτοῦ
1114 2300 1165 2327 καὶ
1190 2296 1381 2335 Ἐπιεικείας,
1409 2296 1568 2333 ἀλλήλους

863 2347 1068 2387 δεξιουμένων.
1127 2349 1182 2379 De
1213 2348 1351 2389 reliquis
1380 2347 1565 2378 honoribus

865 2399 992 2430 Caesari
1006 2399 1154 2430 decretis
1168 2397 1213 2428 cf.
1230 2402 1358 2438 praeter
1369 2396 1566 2437 Appianum

862 2448 931 2479 Dio
948 2448 1095 2479 Cassius.
1127 2447 1258 2479 Eodem
1274 2452 1426 2488 tempore
1439 2447 1567 2480 Quinc-

863 2499 933 2530 tilis
948 2499 1071 2530 mensis
1087 2499 1119 2528 in
1134 2499 1263 2530 Julium
1278 2497 1484 2528 mutabatur.

905 2553 924 2581 3
946 2548 1190 2589 Ἐστρατήγουν]
1228 2548 1386 2578 Praetores
1399 2551 1501 2579 erant.

903 2601 923 2629 4
938 2599 1006 2638 Ἐφ’
1020 2597 1058 2638 ᾧ]
1075 2599 1185 2630 Dedit
1197 2597 1323 2629 Reiske
1340 2598 1382 2629 de
1398 2607 1470 2637 suo,
1487 2598 1519 2629 h.
1531 2607 1563 2630 e.

861 2659 917 2690 quo
931 2649 1128 2690 superfacto,
1144 2658 1204 2690 qua
1219 2649 1256 2680 de
1271 2657 1316 2689 re,
1330 2658 1393 2690 pro
1409 2648 1456 2688 ἐφ’
1470 2646 1521 2679 ὧν.
