<?xml version="1.0" encoding="UTF-8"?>
<!DOCTYPE html PUBLIC "-//W3C//DTD XHTML 1.0 Transitional//EN"
    "http://www.w3.org/TR/xhtml1/DTD/xhtml1-transitional.dtd">
<html xmlns="http://www.w3.org/1999/xhtml" xml:lang="en" lang="en">
 <head>
  <title>
</title>
<meta http-equiv="Content-Type" content="text/html;charset=utf-8" />
  <meta name='ocr-system' content='tesseract 3.04.00' />
  <meta name='ocr-capabilities' content='ocr_page ocr_carea ocr_par ocr_line ocrx_word'/>
</head>
<body>
  <div class='ocr_page' id='page_1' title='image "./operaomniaexedit05caesuoft/operaomniaexedit05caesuoft_0079.png"; bbox 0 0 1872 3104; ppageno 0'>
   <div class='ocr_carea' id='block_1_1' title="bbox 594 178 1594 220">
    <p class='ocr_par' dir='ltr' id='par_1_1' title="bbox 594 178 1594 220">
     <span class='ocr_line' id='line_1_1' title="bbox 594 178 1594 220; baseline 0.005 -5"><span class='ocrx_word' id='word_1_1' title='bbox 594 191 635 219; x_wconf 88' lang='lat' dir='ltr'>c.</span> <span class='ocrx_word' id='word_1_2' title='bbox 666 189 702 218; x_wconf 79' lang='lat' dir='ltr'>J.</span> <span class='ocrx_word' id='word_1_3' title='bbox 735 185 954 216; x_wconf 68' lang='lat' dir='ltr'><strong>cAESAms</strong></span> <span class='ocrx_word' id='word_1_4' title='bbox 987 185 1120 215; x_wconf 72' lang='lat' dir='ltr'>vi‘rA.</span> <span class='ocrx_word' id='word_1_5' title='bbox 1482 178 1594 220; x_wconf 86' lang='grc'>1957</span> 
     </span>
    </p>
   </div>
   <div class='ocr_carea' id='block_1_2' title="bbox 867 290 936 326">
    <p class='ocr_par' dir='ltr' id='par_1_2' title="bbox 867 290 936 326">
     <span class='ocr_line' id='line_1_2' title="bbox 867 290 936 326; baseline 0.014 -17"><span class='ocrx_word' id='word_1_6' title='bbox 867 290 936 326; x_wconf 58' lang='lat'>¹4&amp;</span> 
     </span>
    </p>
   </div>
   <div class='ocr_carea' id='block_1_3' title="bbox 127 288 1597 346">
    <p class='ocr_par' dir='ltr' id='par_1_3' title="bbox 127 288 1597 346">
     <span class='ocr_line' id='line_1_3' title="bbox 127 288 1597 346; baseline -0.003 -12"><span class='ocrx_word' id='word_1_7' title='bbox 127 297 307 346; x_wconf 71' lang='grc' dir='ltr'>ῚῘπειρον</span> <span class='ocrx_word' id='word_1_8' title='bbox 327 295 573 338; x_wconf 81' lang='grc' dir='ltr'>ἀπεσκόπουν,</span> <span class='ocrx_word' id='word_1_9' title='bbox 606 293 669 329; x_wconf 85' lang='grc' dir='ltr'>τάς</span> <span class='ocrx_word' id='word_1_10' title='bbox 700 307 739 328; x_wconf 84' lang='grc' dir='ltr'>τε</span> <span class='ocrx_word' id='word_1_11' title='bbox 761 298 859 334; x_wconf 80' lang='grc' dir='ltr'>ναῦς,</span> <span class='ocrx_word' id='word_1_12' title='bbox 939 292 972 340; x_wconf 79' lang='grc' dir='ltr'>φ’</span> <span class='ocrx_word' id='word_1_13' title='bbox 999 288 1052 327; x_wconf 74' lang='grc' dir='ltr'>ὦν</span> <span class='ocrx_word' id='word_1_14' title='bbox 1073 291 1236 340; x_wconf 81' lang='grc' dir='ltr'>ἔμελλον</span> <span class='ocrx_word' id='word_1_15' title='bbox 1256 294 1493 338; x_wconf 81' lang='grc' dir='ltr'>περαιοῦσθαι</span> <span class='ocrx_word' id='word_1_16' title='bbox 1510 294 1597 342; x_wconf 69' lang='grc' dir='ltr'>πρὸς</span> 
     </span>
    </p>
   </div>
   <div class='ocr_carea' id='block_1_4' title="bbox 136 362 292 398">
    <p class='ocr_par' dir='ltr' id='par_1_4' title="bbox 136 362 292 398">
     <span class='ocr_line' id='line_1_4' title="bbox 136 362 292 398; baseline 0.006 -2"><span class='ocrx_word' id='word_1_17' title='bbox 136 362 292 398; x_wconf 67' lang='grc' dir='ltr'>ἐκεῖνον.</span> 
     </span>
    </p>
   </div>
   <div class='ocr_carea' id='block_1_5' title="bbox 614 545 1121 588">
    <p class='ocr_par' dir='ltr' id='par_1_5' title="bbox 614 545 1121 588">
     <span class='ocr_line' id='line_1_5' title="bbox 614 545 1121 588; baseline -0.006 0"><span class='ocrx_word' id='word_1_18' title='bbox 614 546 650 588; x_wconf 90' lang='lat' dir='ltr'>C</span> <span class='ocrx_word' id='word_1_19' title='bbox 662 546 703 587; x_wconf 85' lang='grc' dir='ltr'><strong>Α</strong></span> <span class='ocrx_word' id='word_1_20' title='bbox 714 546 767 587; x_wconf 89' lang='grc' dir='ltr'>Ρ.</span> <span class='ocrx_word' id='word_1_21' title='bbox 819 545 1121 586; x_wconf 82' lang='lat' dir='ltr'>XXXVIII.</span> 
     </span>
    </p>
   </div>
   <div class='ocr_carea' id='block_1_6' title="bbox 137 643 1597 739">
    <p class='ocr_par' dir='ltr' id='par_1_6' title="bbox 137 643 1597 739">
     <span class='ocr_line' id='line_1_6' title="bbox 137 643 1597 684; baseline -0.003 -5"><span class='ocrx_word' id='word_1_22' title='bbox 137 650 220 680; x_wconf 86' lang='lat' dir='ltr'>Cum</span> <span class='ocrx_word' id='word_1_23' title='bbox 238 648 402 680; x_wconf 84' lang='lat' dir='ltr'>transitus</span> <span class='ocrx_word' id='word_1_24' title='bbox 415 647 588 678; x_wconf 85' lang='lat' dir='ltr'>exereitus</span> <span class='ocrx_word' id='word_1_25' title='bbox 609 647 642 676; x_wconf 89' lang='lat' dir='ltr'>in</span> <span class='ocrx_word' id='word_1_26' title='bbox 659 646 759 677; x_wconf 80' lang='lat' dir='ltr'>Italia</span> <span class='ocrx_word' id='word_1_27' title='bbox 776 645 886 676; x_wconf 81' lang='lat' dir='ltr'>relicti</span> <span class='ocrx_word' id='word_1_28' title='bbox 904 645 1108 683; x_wconf 79' lang='lat' dir='ltr'><strong>tardaretur,</strong></span> <span class='ocrx_word' id='word_1_29' title='bbox 1130 644 1319 684; x_wconf 83' lang='lat' dir='ltr'>periculum</span> <span class='ocrx_word' id='word_1_30' title='bbox 1335 643 1420 676; x_wconf 85' lang='lat' dir='ltr'>facit</span> <span class='ocrx_word' id='word_1_31' title='bbox 1437 645 1550 676; x_wconf 75' lang='lat' dir='ltr'>Caesar</span> <span class='ocrx_word' id='word_1_32' title='bbox 1564 645 1597 676; x_wconf 88' lang='lat' dir='ltr'>in</span> 
     </span>
     <span class='ocr_line' id='line_1_7' title="bbox 234 697 1495 739; baseline -0.002 -7"><span class='ocrx_word' id='word_1_33' title='bbox 234 701 388 732; x_wconf 84' lang='lat' dir='ltr'>naviculo</span> <span class='ocrx_word' id='word_1_34' title='bbox 405 700 632 731; x_wconf 83' lang='lat' dir='ltr'>Brundusium</span> <span class='ocrx_word' id='word_1_35' title='bbox 650 698 840 739; x_wconf 76' lang='lat' dir='ltr'>navigandi,</span> <span class='ocrx_word' id='word_1_36' title='bbox 856 697 915 728; x_wconf 84' lang='lat' dir='ltr'>sed</span> <span class='ocrx_word' id='word_1_37' title='bbox 934 703 1075 737; x_wconf 81' lang='lat' dir='ltr'>propter</span> <span class='ocrx_word' id='word_1_38' title='bbox 1093 702 1333 737; x_wconf 83' lang='lat' dir='ltr'>tempestatem</span> <span class='ocrx_word' id='word_1_39' title='bbox 1352 697 1495 729; x_wconf 84' lang='lat' dir='ltr'>irritum.</span> 
     </span>
    </p>
   </div>
   <div class='ocr_carea' id='block_1_7' title="bbox 138 794 1600 970">
    <p class='ocr_par' dir='ltr' id='par_1_7' title="bbox 138 794 1600 970">
     <span class='ocr_line' id='line_1_8' title="bbox 188 794 1598 845; baseline -0.002 -12"><span class='ocrx_word' id='word_1_40' title='bbox 188 797 252 833; x_wconf 83' lang='grc' dir='ltr'>Ἐν</span> <span class='ocrx_word' id='word_1_41' title='bbox 267 795 295 833; x_wconf 72' lang='grc' dir='ltr'>δ’</span> <span class='ocrx_word' id='word_1_42' title='bbox 311 796 555 844; x_wconf 77' lang='grc' dir='ltr'>Ἀπολλωνίᾳ</span> <span class='ocrx_word' id='word_1_43' title='bbox 574 796 739 843; x_wconf 78' lang='grc' dir='ltr'>Καῖσαρ,</span> <span class='ocrx_word' id='word_1_44' title='bbox 772 798 842 845; x_wconf 78' lang='grc' dir='ltr'>οὺχ</span> <span class='ocrx_word' id='word_1_45' title='bbox 869 796 969 845; x_wconf 75' lang='grc' dir='ltr'>ἔχων</span> <span class='ocrx_word' id='word_1_46' title='bbox 995 796 1200 843; x_wconf 73' lang='grc' dir='ltr'>ἀξιόμαχον</span> <span class='ocrx_word' id='word_1_47' title='bbox 1219 794 1227 810; x_wconf 93' lang='lat'><em>¹</em></span> <span class='ocrx_word' id='word_1_48' title='bbox 1265 795 1329 836; x_wconf 79' lang='grc' dir='ltr'>τὴν</span> <span class='ocrx_word' id='word_1_49' title='bbox 1361 796 1437 842; x_wconf 76' lang='grc' dir='ltr'>μετ’</span> <span class='ocrx_word' id='word_1_50' title='bbox 1469 795 1598 832; x_wconf 81' lang='grc' dir='ltr'>ἑαυτοῦ</span> 
     </span>
     <span class='ocr_line' id='line_1_9' title="bbox 138 857 1598 910; baseline 0 -15"><span class='ocrx_word' id='word_1_51' title='bbox 138 858 309 910; x_wconf 67' lang='grc' dir='ltr'>ὃῦναμιν,</span> <span class='ocrx_word' id='word_1_52' title='bbox 344 858 599 908; x_wconf 71' lang='grc' dir='ltr'>βραδυνούσης</span> <span class='ocrx_word' id='word_1_53' title='bbox 629 857 669 895; x_wconf 72' lang='grc' dir='ltr'>δὲ</span> <span class='ocrx_word' id='word_1_54' title='bbox 707 864 765 901; x_wconf 86' lang='grc' dir='ltr'>τῆς</span> <span class='ocrx_word' id='word_1_55' title='bbox 797 860 949 900; x_wconf 77' lang='grc' dir='ltr'>ἐκεῖθεν,</span> <span class='ocrx_word' id='word_1_56' title='bbox 981 857 1227 904; x_wconf 70' lang='grc' dir='ltr'>ἀπορούμενος</span> <span class='ocrx_word' id='word_1_57' title='bbox 1262 859 1320 892; x_wconf 86' lang='grc' dir='ltr'>καὶ</span> <span class='ocrx_word' id='word_1_58' title='bbox 1352 859 1598 906; x_wconf 61' lang='grc' dir='ltr'>περιπιιθῶν,’·</span> 
     </span>
     <span class='ocr_line' id='line_1_10' title="bbox 138 919 1600 970; baseline -0.001 -11"><span class='ocrx_word' id='word_1_59' title='bbox 138 922 260 960; x_wconf 69' lang='grc' dir='ltr'>δεινὸν</span> <span class='ocrx_word' id='word_1_60' title='bbox 279 921 482 969; x_wconf 73' lang='grc' dir='ltr'>ἐβούλευσε</span> <span class='ocrx_word' id='word_1_61' title='bbox 500 921 708 970; x_wconf 67' lang='grc' dir='ltr'>βούλευμα,</span> <span class='ocrx_word' id='word_1_62' title='bbox 731 921 844 970; x_wconf 75' lang='grc' dir='ltr'>κρύφα</span> <span class='ocrx_word' id='word_1_63' title='bbox 866 921 1017 956; x_wconf 72' lang='grc' dir='ltr'>πάντων</span> <span class='ocrx_word' id='word_1_64' title='bbox 1046 922 1097 956; x_wconf 79' lang='grc' dir='ltr'>εἷς</span> <span class='ocrx_word' id='word_1_65' title='bbox 1123 924 1256 957; x_wconf 82' lang='grc' dir='ltr'>πλοῖον</span> <span class='ocrx_word' id='word_1_66' title='bbox 1278 919 1408 968; x_wconf 75' lang='grc' dir='ltr'>ἐμβὰς,</span> <span class='ocrx_word' id='word_1_67' title='bbox 1430 921 1468 957; x_wconf 84' lang='grc' dir='ltr'>τὸ</span> <span class='ocrx_word' id='word_1_68' title='bbox 1487 923 1600 970; x_wconf 82' lang='grc' dir='ltr'>μέγε-</span> 
     </span>
    </p>
   </div>
   <div class='ocr_carea' id='block_1_8' title="bbox 547 986 559 1006">
    <p class='ocr_par' dir='ltr' id='par_1_8' title="bbox 547 986 559 1006">
     <span class='ocr_line' id='line_1_11' title="bbox 547 986 559 1006; baseline 0 0"><span class='ocrx_word' id='word_1_69' title='bbox 547 986 559 1006; x_wconf 78' lang='grc'>3</span> 
     </span>
    </p>
   </div>
   <div class='ocr_carea' id='block_1_9' title="bbox 139 982 1600 1034">
    <p class='ocr_par' dir='ltr' id='par_1_9' title="bbox 139 982 1600 1034">
     <span class='ocr_line' id='line_1_12' title="bbox 139 982 1600 1034; baseline -0.001 -12"><span class='ocrx_word' id='word_1_70' title='bbox 139 989 198 1023; x_wconf 89' lang='grc' dir='ltr'>θος</span> <span class='ocrx_word' id='word_1_71' title='bbox 219 984 540 1034; x_wconf 72' lang='grc' dir='ltr'>δωδεκάσκαλμον,</span> <span class='ocrx_word' id='word_1_72' title='bbox 593 986 806 1034; x_wconf 83' lang='grc' dir='ltr'>ἀναχθῆναι</span> <span class='ocrx_word' id='word_1_73' title='bbox 826 983 912 1031; x_wconf 82' lang='grc' dir='ltr'>πρὸς</span> <span class='ocrx_word' id='word_1_74' title='bbox 945 982 984 1019; x_wconf 83' lang='grc' dir='ltr'>τὸ</span> <span class='ocrx_word' id='word_1_75' title='bbox 1018 982 1253 1032; x_wconf 85' lang='grc' dir='ltr'>Βρεντήσιον,</span> <span class='ocrx_word' id='word_1_76' title='bbox 1278 982 1496 1027; x_wconf 78' lang='grc' dir='ltr'>τηλικούτοις</span> <span class='ocrx_word' id='word_1_77' title='bbox 1520 986 1600 1021; x_wconf 87' lang='grc' dir='ltr'>στό-</span> 
     </span>
    </p>
   </div>
   <div class='ocr_carea' id='block_1_10' title="bbox 139 1045 1599 1098">
    <p class='ocr_par' dir='ltr' id='par_1_10' title="bbox 139 1045 1599 1098">
     <span class='ocr_line' id='line_1_13' title="bbox 139 1045 1599 1098; baseline -0.001 -12"><span class='ocrx_word' id='word_1_78' title='bbox 139 1052 216 1086; x_wconf 86' lang='grc' dir='ltr'>λοις</span> <span class='ocrx_word' id='word_1_79' title='bbox 233 1050 498 1098; x_wconf 74' lang='grc' dir='ltr'>περιεχομένου</span> <span class='ocrx_word' id='word_1_80' title='bbox 519 1055 582 1084; x_wconf 85' lang='grc' dir='ltr'>τοῦ</span> <span class='ocrx_word' id='word_1_81' title='bbox 601 1050 786 1094; x_wconf 85' lang='grc' dir='ltr'>πελάγους</span> <span class='ocrx_word' id='word_1_82' title='bbox 806 1047 873 1082; x_wconf 81' lang='grc' dir='ltr'>ὑπὸ</span> <span class='ocrx_word' id='word_1_83' title='bbox 896 1053 967 1083; x_wconf 85' lang='grc' dir='ltr'>τῶν</span> <span class='ocrx_word' id='word_1_84' title='bbox 988 1049 1189 1096; x_wconf 88' lang='grc' dir='ltr'>πολεμίων.</span> <span class='ocrx_word' id='word_1_85' title='bbox 1230 1047 1369 1084; x_wconf 70' lang='grc' dir='ltr'>Νυκτὸς</span> <span class='ocrx_word' id='word_1_86' title='bbox 1390 1045 1453 1083; x_wconf 66' lang='grc' dir='ltr'>οὖν</span> <span class='ocrx_word' id='word_1_87' title='bbox 1473 1048 1599 1091; x_wconf 81' lang='grc' dir='ltr'>ἐσθῆτι</span> 
     </span>
    </p>
   </div>
   <div class='ocr_carea' id='block_1_11' title="bbox 1321 1110 1600 1148">
    <p class='ocr_par' dir='ltr' id='par_1_11' title="bbox 1321 1110 1600 1148">
     <span class='ocr_line' id='line_1_14' title="bbox 1321 1110 1600 1148; baseline 0.007 -2"><span class='ocrx_word' id='word_1_88' title='bbox 1321 1110 1338 1130; x_wconf 70' lang='lat'>4</span> <span class='ocrx_word' id='word_1_89' title='bbox 1360 1113 1403 1147; x_wconf 77' lang='grc' dir='ltr'>ὥς</span> <span class='ocrx_word' id='word_1_90' title='bbox 1424 1126 1508 1148; x_wconf 87' lang='grc' dir='ltr'>τινα</span> <span class='ocrx_word' id='word_1_91' title='bbox 1527 1118 1600 1148; x_wconf 87' lang='grc' dir='ltr'>τῶν</span> 
     </span>
    </p>
   </div>
   <div class='ocr_carea' id='block_1_12' title="bbox 138 1109 1607 1799">
    <p class='ocr_par' dir='ltr' id='par_1_12' title="bbox 138 1109 1607 1799">
     <span class='ocr_line' id='line_1_15' title="bbox 138 1109 1318 1161; baseline -0.002 -12"><span class='ocrx_word' id='word_1_92' title='bbox 138 1113 358 1160; x_wconf 84' lang='grc' dir='ltr'>θεράποντος</span> <span class='ocrx_word' id='word_1_93' title='bbox 377 1112 666 1161; x_wconf 74' lang='grc' dir='ltr'>ἐπικρυψάμενος</span> <span class='ocrx_word' id='word_1_94' title='bbox 686 1110 820 1157; x_wconf 78' lang='grc' dir='ltr'>ἀνέβη,</span> <span class='ocrx_word' id='word_1_95' title='bbox 841 1112 900 1147; x_wconf 83' lang='grc' dir='ltr'>καὶ</span> <span class='ocrx_word' id='word_1_96' title='bbox 925 1109 1152 1157; x_wconf 79' lang='grc' dir='ltr'>καταβαλὼν</span> <span class='ocrx_word' id='word_1_97' title='bbox 1173 1111 1318 1154; x_wconf 81' lang='grc' dir='ltr'>ἑαυτὸν,</span> 
     </span>
     <span class='ocr_line' id='line_1_16' title="bbox 138 1174 1602 1226; baseline 0 -14"><span class='ocrx_word' id='word_1_98' title='bbox 138 1179 467 1226; x_wconf 79' lang='grc' dir='ltr'>παρημελημένων,</span> <span class='ocrx_word' id='word_1_99' title='bbox 488 1176 673 1226; x_wconf 73' lang='grc' dir='ltr'>ἡσύχαὲε.</span> <span class='ocrx_word' id='word_1_100' title='bbox 700 1189 706 1197; x_wconf 85' lang='grc'><em>·</em></span> <span class='ocrx_word' id='word_1_101' title='bbox 727 1175 804 1212; x_wconf 84' lang='grc' dir='ltr'>Τοῦ</span> <span class='ocrx_word' id='word_1_102' title='bbox 838 1175 868 1212; x_wconf 74' lang='grc' dir='ltr'>δ’</span> <span class='ocrx_word' id='word_1_103' title='bbox 896 1174 1027 1211; x_wconf 84' lang='grc' dir='ltr'>Ἀνίου</span> <span class='ocrx_word' id='word_1_104' title='bbox 1041 1177 1052 1197; x_wconf 82' lang='lat'>⁵</span> <span class='ocrx_word' id='word_1_105' title='bbox 1087 1179 1254 1223; x_wconf 85' lang='grc' dir='ltr'>ποταμοῦ</span> <span class='ocrx_word' id='word_1_106' title='bbox 1274 1178 1338 1219; x_wconf 82' lang='grc' dir='ltr'>τὴν</span> <span class='ocrx_word' id='word_1_107' title='bbox 1360 1179 1451 1211; x_wconf 83' lang='grc' dir='ltr'>ναῦν</span> <span class='ocrx_word' id='word_1_108' title='bbox 1472 1175 1602 1225; x_wconf 80' lang='grc' dir='ltr'>ὑποφέ-</span> 
     </span>
     <span class='ocr_line' id='line_1_17' title="bbox 138 1235 1598 1287; baseline 0 -13"><span class='ocrx_word' id='word_1_109' title='bbox 138 1253 262 1286; x_wconf 86' lang='grc' dir='ltr'>ροντος</span> <span class='ocrx_word' id='word_1_110' title='bbox 281 1241 331 1275; x_wconf 79' lang='grc' dir='ltr'>εἷς</span> <span class='ocrx_word' id='word_1_111' title='bbox 350 1241 415 1283; x_wconf 84' lang='grc' dir='ltr'>τὴν</span> <span class='ocrx_word' id='word_1_112' title='bbox 437 1241 647 1283; x_wconf 82' lang='grc' dir='ltr'>θάλασσαν,</span> <span class='ocrx_word' id='word_1_113' title='bbox 679 1242 744 1284; x_wconf 75' lang='grc' dir='ltr'>τὴν</span> <span class='ocrx_word' id='word_1_114' title='bbox 772 1240 842 1287; x_wconf 86' lang='grc' dir='ltr'>μὲν</span> <span class='ocrx_word' id='word_1_115' title='bbox 872 1240 1024 1283; x_wconf 79' lang='grc' dir='ltr'>ἑωθινὴν</span> <span class='ocrx_word' id='word_1_116' title='bbox 1057 1235 1207 1287; x_wconf 66' lang='grc' dir='ltr'>αἶ’]ραν,6</span> <span class='ocrx_word' id='word_1_117' title='bbox 1233 1241 1271 1285; x_wconf 79' lang='grc' dir='ltr'>(ἢ</span> <span class='ocrx_word' id='word_1_118' title='bbox 1305 1243 1465 1287; x_wconf 78' lang='grc' dir='ltr'>παρεῖχε</span> <span class='ocrx_word' id='word_1_119' title='bbox 1499 1254 1598 1282; x_wconf 88' lang='grc' dir='ltr'>τηνι-</span> 
     </span>
     <span class='ocr_line' id='line_1_18' title="bbox 141 1299 1603 1352; baseline -0.001 -14"><span class='ocrx_word' id='word_1_120' title='bbox 141 1306 256 1338; x_wconf 85' lang='grc' dir='ltr'>καῦτα</span> <span class='ocrx_word' id='word_1_121' title='bbox 284 1304 363 1351; x_wconf 86' lang='grc' dir='ltr'>περὶ</span> <span class='ocrx_word' id='word_1_122' title='bbox 394 1305 454 1340; x_wconf 83' lang='grc' dir='ltr'>τὰς</span> <span class='ocrx_word' id='word_1_123' title='bbox 482 1301 638 1348; x_wconf 75' lang='grc' dir='ltr'>ἐκβολὰς</span> <span class='ocrx_word' id='word_1_124' title='bbox 676 1304 862 1350; x_wconf 88' lang='grc' dir='ltr'>γαλήνην,</span> <span class='ocrx_word' id='word_1_125' title='bbox 890 1304 1082 1339; x_wconf 82' lang='grc' dir='ltr'>ἀποθοῦσα</span> <span class='ocrx_word' id='word_1_126' title='bbox 1116 1301 1238 1352; x_wconf 78' lang='grc' dir='ltr'>πόῤῥω</span> <span class='ocrx_word' id='word_1_127' title='bbox 1270 1302 1309 1339; x_wconf 82' lang='grc' dir='ltr'>τὸ</span> <span class='ocrx_word' id='word_1_128' title='bbox 1344 1302 1469 1350; x_wconf 79' lang='grc' dir='ltr'>κῦμα,)</span> <span class='ocrx_word' id='word_1_129' title='bbox 1489 1299 1603 1338; x_wconf 77' lang='grc' dir='ltr'>πολυς</span> 
     </span>
     <span class='ocr_line' id='line_1_19' title="bbox 142 1364 1604 1414; baseline 0 -14"><span class='ocrx_word' id='word_1_130' title='bbox 142 1365 303 1402; x_wconf 76' lang='grc' dir='ltr'>πνεύσας</span> <span class='ocrx_word' id='word_1_131' title='bbox 321 1369 498 1413; x_wconf 77' lang='grc' dir='ltr'>πελάγιος</span> <span class='ocrx_word' id='word_1_132' title='bbox 519 1365 581 1402; x_wconf 74' lang='grc' dir='ltr'>διὰ</span> <span class='ocrx_word' id='word_1_133' title='bbox 610 1367 734 1403; x_wconf 83' lang='grc' dir='ltr'>νυκτὸς</span> <span class='ocrx_word' id='word_1_134' title='bbox 761 1365 967 1413; x_wconf 72' lang='grc' dir='ltr'>ἀπέσβεσε·</span> <span class='ocrx_word' id='word_1_135' title='bbox 1006 1365 1092 1414; x_wconf 81' lang='grc' dir='ltr'>πρὸς</span> <span class='ocrx_word' id='word_1_136' title='bbox 1117 1364 1156 1401; x_wconf 67' lang='grc' dir='ltr'>δὲ</span> <span class='ocrx_word' id='word_1_137' title='bbox 1189 1369 1254 1410; x_wconf 85' lang='grc' dir='ltr'>τὴν</span> <span class='ocrx_word' id='word_1_138' title='bbox 1287 1365 1512 1414; x_wconf 73' lang='grc' dir='ltr'>πλημμύραν</span> <span class='ocrx_word' id='word_1_139' title='bbox 1542 1373 1604 1409; x_wconf 89' lang='grc' dir='ltr'>τῆς</span> 
     </span>
     <span class='ocr_line' id='line_1_20' title="bbox 142 1428 1603 1477; baseline 0 -13"><span class='ocrx_word' id='word_1_140' title='bbox 142 1430 333 1474; x_wconf 82' lang='grc' dir='ltr'>θαλάσσης</span> <span class='ocrx_word' id='word_1_141' title='bbox 353 1431 413 1465; x_wconf 82' lang='grc' dir='ltr'>καὶ</span> <span class='ocrx_word' id='word_1_142' title='bbox 432 1431 497 1473; x_wconf 80' lang='grc' dir='ltr'>τὴν</span> <span class='ocrx_word' id='word_1_143' title='bbox 522 1428 726 1477; x_wconf 77' lang='grc' dir='ltr'>ἀντίβασιν</span> <span class='ocrx_word' id='word_1_144' title='bbox 755 1437 819 1467; x_wconf 89' lang='grc' dir='ltr'>τοῦ</span> <span class='ocrx_word' id='word_1_145' title='bbox 849 1428 1027 1466; x_wconf 70' lang='grc' dir='ltr'>κλύδωνος</span> <span class='ocrx_word' id='word_1_146' title='bbox 1053 1431 1259 1477; x_wconf 80' lang='grc' dir='ltr'>ἀγριαίνων</span> <span class='ocrx_word' id='word_1_147' title='bbox 1293 1430 1310 1464; x_wconf 86' lang='grc' dir='ltr'>ὁ</span> <span class='ocrx_word' id='word_1_148' title='bbox 1343 1429 1518 1477; x_wconf 74' lang='grc' dir='ltr'>ποταμὸς,</span> <span class='ocrx_word' id='word_1_149' title='bbox 1544 1429 1603 1464; x_wconf 86' lang='grc' dir='ltr'>καὶ</span> 
     </span>
     <span class='ocr_line' id='line_1_21' title="bbox 142 1491 1602 1544; baseline -0.001 -16"><span class='ocrx_word' id='word_1_150' title='bbox 142 1492 278 1543; x_wconf 73' lang='grc' dir='ltr'>τραχὺς</span> <span class='ocrx_word' id='word_1_151' title='bbox 311 1494 389 1541; x_wconf 82' lang='grc' dir='ltr'>ἅμα</span> <span class='ocrx_word' id='word_1_152' title='bbox 423 1495 481 1529; x_wconf 79' lang='grc' dir='ltr'>καὶ</span> <span class='ocrx_word' id='word_1_153' title='bbox 510 1496 628 1544; x_wconf 71' lang='grc' dir='ltr'>κτύπῳ</span> <span class='ocrx_word' id='word_1_154' title='bbox 664 1494 820 1544; x_wconf 76' lang='grc' dir='ltr'>μεγάλῳ</span> <span class='ocrx_word' id='word_1_155' title='bbox 853 1495 912 1529; x_wconf 82' lang='grc' dir='ltr'>καὶ</span> <span class='ocrx_word' id='word_1_156' title='bbox 946 1496 1116 1541; x_wconf 77' lang='grc' dir='ltr'>σκληραῖς</span> <span class='ocrx_word' id='word_1_157' title='bbox 1151 1494 1447 1541; x_wconf 69' lang='grc' dir='ltr'>ἀνακοπτόμενος</span> <span class='ocrx_word' id='word_1_158' title='bbox 1472 1491 1602 1535; x_wconf 76' lang='grc' dir='ltr'>δίναις,</span> 
     </span>
     <span class='ocr_line' id='line_1_22' title="bbox 143 1554 1607 1611; baseline 0 -19"><span class='ocrx_word' id='word_1_159' title='bbox 143 1557 276 1604; x_wconf 79' lang='grc' dir='ltr'>ἄπορος</span> <span class='ocrx_word' id='word_1_160' title='bbox 295 1554 339 1600; x_wconf 79' lang='grc' dir='ltr'>ἦν</span> <span class='ocrx_word' id='word_1_161' title='bbox 357 1555 562 1604; x_wconf 81' lang='grc' dir='ltr'>βιασθῆναι</span> <span class='ocrx_word' id='word_1_162' title='bbox 581 1560 629 1608; x_wconf 73' lang='grc' dir='ltr'>τῷ</span> <span class='ocrx_word' id='word_1_163' title='bbox 650 1556 865 1611; x_wconf 72' lang='grc' dir='ltr'>κυβερνήτῃ·</span> <span class='ocrx_word' id='word_1_164' title='bbox 893 1559 952 1593; x_wconf 82' lang='grc' dir='ltr'>καὶ</span> <span class='ocrx_word' id='word_1_165' title='bbox 971 1555 1207 1607; x_wconf 69' lang='grc' dir='ltr'>μεταβαλεῖν</span> <span class='ocrx_word' id='word_1_166' title='bbox 1227 1558 1400 1593; x_wconf 83' lang='grc' dir='ltr'>ἐκέλευσε</span> <span class='ocrx_word' id='word_1_167' title='bbox 1420 1554 1500 1593; x_wconf 67' lang='grc' dir='ltr'>τοὺς</span> <span class='ocrx_word' id='word_1_168' title='bbox 1520 1559 1607 1592; x_wconf 83' lang='grc' dir='ltr'>ναύ-</span> 
     </span>
     <span class='ocr_line' id='line_1_23' title="bbox 143 1618 1606 1669; baseline 0 -14"><span class='ocrx_word' id='word_1_169' title='bbox 143 1634 219 1663; x_wconf 84' lang='grc' dir='ltr'>τας,</span> <span class='ocrx_word' id='word_1_170' title='bbox 240 1622 285 1656; x_wconf 83' lang='grc' dir='ltr'>ὡς</span> <span class='ocrx_word' id='word_1_171' title='bbox 305 1621 549 1668; x_wconf 68' lang='grc' dir='ltr'>ἀποστρέφων</span> <span class='ocrx_word' id='word_1_172' title='bbox 570 1620 633 1657; x_wconf 83' lang='grc' dir='ltr'>τὸν</span> <span class='ocrx_word' id='word_1_173' title='bbox 652 1623 784 1658; x_wconf 83' lang='grc' dir='ltr'>πλοῦν.</span> <span class='ocrx_word' id='word_1_174' title='bbox 842 1620 1074 1669; x_wconf 81' lang='grc' dir='ltr'>Αἰσθόμενος</span> <span class='ocrx_word' id='word_1_175' title='bbox 1100 1619 1130 1657; x_wconf 72' lang='grc' dir='ltr'>δ’</span> <span class='ocrx_word' id='word_1_176' title='bbox 1156 1621 1175 1657; x_wconf 87' lang='grc' dir='ltr'><strong>ὁ</strong></span> <span class='ocrx_word' id='word_1_177' title='bbox 1206 1620 1356 1669; x_wconf 80' lang='grc' dir='ltr'>Καῖσαρ</span> <span class='ocrx_word' id='word_1_178' title='bbox 1388 1618 1606 1656; x_wconf 79' lang='grc' dir='ltr'>ἀναδείκνυ-</span> 
     </span>
     <span class='ocr_line' id='line_1_24' title="bbox 147 1683 1604 1735; baseline 0.001 -17"><span class='ocrx_word' id='word_1_179' title='bbox 147 1697 206 1718; x_wconf 90' lang='grc' dir='ltr'>σιν</span> <span class='ocrx_word' id='word_1_180' title='bbox 224 1683 368 1727; x_wconf 83' lang='grc' dir='ltr'>ἑαυτὸν,</span> <span class='ocrx_word' id='word_1_181' title='bbox 391 1686 448 1720; x_wconf 83' lang='grc' dir='ltr'>καὶ</span> <span class='ocrx_word' id='word_1_182' title='bbox 468 1689 530 1720; x_wconf 83' lang='grc' dir='ltr'>τοῦ</span> <span class='ocrx_word' id='word_1_183' title='bbox 548 1683 772 1732; x_wconf 77' lang='grc' dir='ltr'>κυβερνήτου</span> <span class='ocrx_word' id='word_1_184' title='bbox 801 1684 1013 1734; x_wconf 77' lang='grc' dir='ltr'>λαβόμενος</span> <span class='ocrx_word' id='word_1_185' title='bbox 1042 1694 1103 1729; x_wconf 86' lang='grc' dir='ltr'>τῆς</span> <span class='ocrx_word' id='word_1_186' title='bbox 1131 1685 1264 1735; x_wconf 82' lang='grc' dir='ltr'>χειρὸς,</span> <span class='ocrx_word' id='word_1_187' title='bbox 1295 1686 1604 1733; x_wconf 80' lang='grc' dir='ltr'>ἐκπεπληγμένου</span> 
     </span>
     <span class='ocr_line' id='line_1_25' title="bbox 146 1745 1606 1799; baseline 0.001 -18"><span class='ocrx_word' id='word_1_188' title='bbox 146 1745 230 1794; x_wconf 85' lang='grc' dir='ltr'>πρὸς</span> <span class='ocrx_word' id='word_1_189' title='bbox 249 1748 315 1791; x_wconf 82' lang='grc' dir='ltr'>τὴν</span> <span class='ocrx_word' id='word_1_190' title='bbox 334 1747 435 1796; x_wconf 68' lang='grc' dir='ltr'>ὅφιν*</span> <span class='ocrx_word' id='word_1_191' title='bbox 455 1747 540 1793; x_wconf 79' lang='grc' dir='ltr'>Ἴθι,</span> <span class='ocrx_word' id='word_1_192' title='bbox 563 1750 642 1799; x_wconf 81' lang='grc' dir='ltr'>ἔφη,</span> <span class='ocrx_word' id='word_1_193' title='bbox 673 1753 839 1795; x_wconf 80' lang='grc' dir='ltr'>γενναῖε,</span> <span class='ocrx_word' id='word_1_194' title='bbox 867 1749 988 1798; x_wconf 87' lang='grc' dir='ltr'>τόλμα</span> <span class='ocrx_word' id='word_1_195' title='bbox 1021 1749 1079 1784; x_wconf 87' lang='grc' dir='ltr'>καὶ</span> <span class='ocrx_word' id='word_1_196' title='bbox 1111 1745 1227 1784; x_wconf 76' lang='grc' dir='ltr'>δέδιθι</span> <span class='ocrx_word' id='word_1_197' title='bbox 1257 1746 1386 1797; x_wconf 77' lang='grc' dir='ltr'>μηδὲν·</span> <span class='ocrx_word' id='word_1_198' title='bbox 1426 1747 1606 1796; x_wconf 86' lang='grc' dir='ltr'>Καίσαρα</span> 
     </span>
    </p>
   </div>
   <div class='ocr_carea' id='block_1_13' title="bbox 807 1854 948 1886">
    <p class='ocr_par' dir='ltr' id='par_1_13' title="bbox 807 1854 948 1886">
     <span class='ocr_line' id='line_1_26' title="bbox 807 1854 948 1886; baseline -0.007 0"><span class='ocrx_word' id='word_1_199' title='bbox 807 1854 948 1886; x_wconf 76' lang='lat' dir='ltr'>NOTAE</span> 
     </span>
    </p>
   </div>
   <div class='ocr_carea' id='block_1_14' title="bbox 191 1926 1606 1968">
    <p class='ocr_par' dir='ltr' id='par_1_14' title="bbox 191 1926 1606 1968">
     <span class='ocr_line' id='line_1_27' title="bbox 191 1926 1606 1968; baseline -0.001 -11"><span class='ocrx_word' id='word_1_200' title='bbox 191 1929 230 1957; x_wconf 86' lang='grc'>14</span> <span class='ocrx_word' id='word_1_201' title='bbox 253 1926 313 1958; x_wconf 79' lang='grc' dir='ltr'>Τάς</span> <span class='ocrx_word' id='word_1_202' title='bbox 328 1940 363 1958; x_wconf 90' lang='grc' dir='ltr'>τε</span> <span class='ocrx_word' id='word_1_203' title='bbox 379 1928 464 1968; x_wconf 82' lang='grc' dir='ltr'>ναῦς]</span> <span class='ocrx_word' id='word_1_204' title='bbox 488 1929 615 1960; x_wconf 84' lang='lat' dir='ltr'>Vocem</span> <span class='ocrx_word' id='word_1_205' title='bbox 632 1929 777 1959; x_wconf 87' lang='lat' dir='ltr'>mediam</span> <span class='ocrx_word' id='word_1_206' title='bbox 793 1928 850 1959; x_wconf 84' lang='lat' dir='ltr'>ad-</span> <span class='ocrx_word' id='word_1_207' title='bbox 901 1938 964 1958; x_wconf 82' lang='lat' dir='ltr'>sese</span> <span class='ocrx_word' id='word_1_208' title='bbox 978 1927 1125 1966; x_wconf 60' lang='lat' dir='ltr'>ulfic-iens</span> <span class='ocrx_word' id='word_1_209' title='bbox 1135 1930 1226 1966; x_wconf 79' lang='lat' dir='ltr'>atque</span> <span class='ocrx_word' id='word_1_210' title='bbox 1239 1929 1447 1966; x_wconf 74' lang='lat' dir='ltr'>prosternens,</span> <span class='ocrx_word' id='word_1_211' title='bbox 1463 1927 1497 1954; x_wconf 76' lang='lat' dir='ltr'>ut</span> <span class='ocrx_word' id='word_1_212' title='bbox 1513 1935 1606 1955; x_wconf 80' lang='lat' dir='ltr'>unum</span> 
     </span>
    </p>
   </div>
   <div class='ocr_carea' id='block_1_15' title="bbox 140 1975 852 2268">
    <p class='ocr_par' dir='ltr' id='par_1_15' title="bbox 140 1975 852 2268">
     <span class='ocr_line' id='line_1_28' title="bbox 140 1975 849 2017; baseline 0.004 -11"><span class='ocrx_word' id='word_1_213' title='bbox 140 1975 229 2015; x_wconf 89' lang='lat' dir='ltr'>jecit</span> <span class='ocrx_word' id='word_1_214' title='bbox 246 1977 383 2017; x_wconf 85' lang='lat' dir='ltr'>Reiske,</span> <span class='ocrx_word' id='word_1_215' title='bbox 400 1983 436 2009; x_wconf 91' lang='lat' dir='ltr'>ut</span> <span class='ocrx_word' id='word_1_216' title='bbox 451 1979 524 2008; x_wconf 77' lang='lat' dir='ltr'>haec</span> <span class='ocrx_word' id='word_1_217' title='bbox 539 1979 642 2009; x_wconf 84' lang='lat' dir='ltr'>verba</span> <span class='ocrx_word' id='word_1_218' title='bbox 662 1988 739 2009; x_wconf 87' lang='lat' dir='ltr'>curn</span> <span class='ocrx_word' id='word_1_219' title='bbox 755 1983 849 2009; x_wconf 83' lang='lat' dir='ltr'>ante-</span> 
     </span>
     <span class='ocr_line' id='line_1_29' title="bbox 148 2026 848 2070; baseline 0.003 -13"><span class='ocrx_word' id='word_1_220' title='bbox 148 2026 350 2059; x_wconf 80' lang='lat' dir='ltr'>cedentibus</span> <span class='ocrx_word' id='word_1_221' title='bbox 366 2030 570 2060; x_wconf 78' lang='lat' dir='ltr'>cohaereanl.</span> <span class='ocrx_word' id='word_1_222' title='bbox 594 2028 693 2068; x_wconf 83' lang='lat' dir='ltr'>Mihi,</span> <span class='ocrx_word' id='word_1_223' title='bbox 709 2039 753 2060; x_wconf 84' lang='lat' dir='ltr'>ne</span> <span class='ocrx_word' id='word_1_224' title='bbox 767 2029 848 2070; x_wconf 90' lang='lat' dir='ltr'>quid</span> 
     </span>
     <span class='ocr_line' id='line_1_30' title="bbox 150 2074 851 2119; baseline 0.006 -14"><span class='ocrx_word' id='word_1_225' title='bbox 150 2074 310 2116; x_wconf 84' lang='lat' dir='ltr'>diffitear,</span> <span class='ocrx_word' id='word_1_226' title='bbox 341 2078 522 2119; x_wconf 84' lang='lat' dir='ltr'>legendum</span> <span class='ocrx_word' id='word_1_227' title='bbox 555 2078 738 2110; x_wconf 81' lang='lat' dir='ltr'>videbatur</span> <span class='ocrx_word' id='word_1_228' title='bbox 753 2090 760 2109; x_wconf 90' lang='lat'>:</span> <span class='ocrx_word' id='word_1_229' title='bbox 799 2078 851 2109; x_wconf 81' lang='grc' dir='ltr'>καὶ</span> 
     </span>
     <span class='ocr_line' id='line_1_31' title="bbox 149 2125 851 2170; baseline 0.007 -15"><span class='ocrx_word' id='word_1_230' title='bbox 149 2125 208 2162; x_wconf 76' lang='grc' dir='ltr'>’τὴν</span> <span class='ocrx_word' id='word_1_231' title='bbox 224 2125 371 2167; x_wconf 80' lang='grc' dir='ltr'>Ἤπειρον</span> <span class='ocrx_word' id='word_1_232' title='bbox 396 2128 655 2170; x_wconf 75' lang='grc' dir='ltr'>ἀποσκοποῦντες,</span> <span class='ocrx_word' id='word_1_233' title='bbox 683 2129 740 2160; x_wconf 78' lang='grc' dir='ltr'>τὰς</span> <span class='ocrx_word' id='word_1_234' title='bbox 769 2130 851 2170; x_wconf 75' lang='grc' dir='ltr'>ναῦς,</span> 
     </span>
     <span class='ocr_line' id='line_1_32' title="bbox 151 2174 852 2221; baseline 0.009 -16"><span class='ocrx_word' id='word_1_235' title='bbox 151 2176 200 2214; x_wconf 84' lang='grc' dir='ltr'>ἐφ’</span> <span class='ocrx_word' id='word_1_236' title='bbox 222 2174 264 2207; x_wconf 73' lang='grc' dir='ltr'>ὧν</span> <span class='ocrx_word' id='word_1_237' title='bbox 279 2175 413 2215; x_wconf 82' lang='grc' dir='ltr'>ἔμελλον</span> <span class='ocrx_word' id='word_1_238' title='bbox 434 2180 641 2219; x_wconf 83' lang='grc' dir='ltr'>περαιοῦσθαι,</span> <span class='ocrx_word' id='word_1_239' title='bbox 664 2179 852 2221; x_wconf 81' lang='grc' dir='ltr'>προσέμενον</span> 
     </span>
     <span class='ocr_line' id='line_1_33' title="bbox 150 2227 444 2268; baseline 0.01 -11"><span class='ocrx_word' id='word_1_240' title='bbox 150 2227 220 2258; x_wconf 86' lang='lat' dir='ltr'>sive</span> <span class='ocrx_word' id='word_1_241' title='bbox 235 2228 444 2268; x_wconf 85' lang='grc' dir='ltr'>προσέμεινον.</span> 
     </span>
    </p>
   </div>
   <div class='ocr_carea' id='block_1_16' title="bbox 154 2327 856 2773">
    <p class='ocr_par' dir='ltr' id='par_1_16' title="bbox 154 2327 855 2412">
     <span class='ocr_line' id='line_1_34' title="bbox 196 2327 855 2372; baseline 0.008 -15"><span class='ocrx_word' id='word_1_242' title='bbox 196 2331 213 2358; x_wconf 93' lang='grc'>1</span> <span class='ocrx_word' id='word_1_243' title='bbox 235 2327 436 2369; x_wconf 78' lang='grc' dir='ltr'>Ἀξιόμαχον]</span> <span class='ocrx_word' id='word_1_244' title='bbox 460 2330 513 2360; x_wconf 83' lang='lat' dir='ltr'>De</span> <span class='ocrx_word' id='word_1_245' title='bbox 526 2330 681 2361; x_wconf 84' lang='lat' dir='ltr'>exercitu</span> <span class='ocrx_word' id='word_1_246' title='bbox 699 2331 855 2372; x_wconf 77' lang='lat' dir='ltr'>Pompeii</span> 
     </span>
     <span class='ocr_line' id='line_1_35' title="bbox 154 2377 641 2412; baseline 0.008 -4"><span class='ocrx_word' id='word_1_247' title='bbox 154 2377 222 2408; x_wconf 83' lang='lat' dir='ltr'>vid.</span> <span class='ocrx_word' id='word_1_248' title='bbox 238 2379 354 2409; x_wconf 78' lang='lat' dir='ltr'>Caesar</span> <span class='ocrx_word' id='word_1_249' title='bbox 370 2380 411 2410; x_wconf 83' lang='lat' dir='ltr'>de</span> <span class='ocrx_word' id='word_1_250' title='bbox 429 2381 468 2411; x_wconf 89' lang='lat' dir='ltr'>B.</span> <span class='ocrx_word' id='word_1_251' title='bbox 486 2381 525 2412; x_wconf 88' lang='lat' dir='ltr'>C.</span> <span class='ocrx_word' id='word_1_252' title='bbox 541 2390 595 2412; x_wconf 84' lang='lat'>111.</span> <span class='ocrx_word' id='word_1_253' title='bbox 609 2384 641 2412; x_wconf 87' lang='grc'>4.</span> 
     </span>
    </p>

    <p class='ocr_par' dir='ltr' id='par_1_17' title="bbox 154 2429 853 2561">
     <span class='ocr_line' id='line_1_36' title="bbox 197 2429 853 2470; baseline 0.008 -13"><span class='ocrx_word' id='word_1_254' title='bbox 197 2431 217 2458; x_wconf 86' lang='grc'>2</span> <span class='ocrx_word' id='word_1_255' title='bbox 239 2429 430 2469; x_wconf 79' lang='grc' dir='ltr'>Περιπαθῶν]</span> <span class='ocrx_word' id='word_1_256' title='bbox 453 2430 700 2470; x_wconf 81' lang='lat' dir='ltr'>Suspicabatur</span> <span class='ocrx_word' id='word_1_257' title='bbox 716 2431 853 2462; x_wconf 85' lang='lat' dir='ltr'>relictos</span> 
     </span>
     <span class='ocr_line' id='line_1_37' title="bbox 154 2477 852 2520; baseline 0.009 -13"><span class='ocrx_word' id='word_1_258' title='bbox 154 2477 233 2508; x_wconf 77' lang='lat' dir='ltr'>belli</span> <span class='ocrx_word' id='word_1_259' title='bbox 272 2485 432 2510; x_wconf 85' lang='lat' dir='ltr'>eventum</span> <span class='ocrx_word' id='word_1_260' title='bbox 463 2482 591 2520; x_wconf 85' lang='lat' dir='ltr'>operiri</span> <span class='ocrx_word' id='word_1_261' title='bbox 629 2491 669 2512; x_wconf 90' lang='lat' dir='ltr'>ac</span> <span class='ocrx_word' id='word_1_262' title='bbox 706 2483 852 2513; x_wconf 83' lang='lat' dir='ltr'>transire</span> 
     </span>
     <span class='ocr_line' id='line_1_38' title="bbox 154 2528 469 2561; baseline 0.006 -3"><span class='ocrx_word' id='word_1_263' title='bbox 154 2528 255 2559; x_wconf 83' lang='lat' dir='ltr'>nolle.</span> <span class='ocrx_word' id='word_1_264' title='bbox 299 2529 363 2559; x_wconf 81' lang='lat' dir='ltr'>Dio</span> <span class='ocrx_word' id='word_1_265' title='bbox 382 2531 469 2561; x_wconf 77' lang='lat' dir='ltr'><strong><em>Cass.</em></strong></span> 
     </span>
    </p>

    <p class='ocr_par' dir='ltr' id='par_1_18' title="bbox 155 2577 856 2719">
     <span class='ocr_line' id='line_1_39' title="bbox 170 2577 855 2620; baseline 0.006 -12"><span class='ocrx_word' id='word_1_266' title='bbox 170 2608 180 2615; x_wconf 66' lang='grc'>,</span> <span class='ocrx_word' id='word_1_267' title='bbox 198 2580 217 2609; x_wconf 80' lang='grc'>3</span> <span class='ocrx_word' id='word_1_268' title='bbox 241 2577 524 2620; x_wconf 82' lang='grc' dir='ltr'>Δωδεκάσκαλμον]</span> <span class='ocrx_word' id='word_1_269' title='bbox 546 2579 738 2611; x_wconf 78' lang='lat' dir='ltr'>Duodecim</span> <span class='ocrx_word' id='word_1_270' title='bbox 758 2582 855 2612; x_wconf 83' lang='lat' dir='ltr'>remis</span> 
     </span>
     <span class='ocr_line' id='line_1_40' title="bbox 155 2628 856 2672; baseline 0.006 -14"><span class='ocrx_word' id='word_1_271' title='bbox 155 2628 368 2660; x_wconf 77' lang='lat' dir='ltr'>instructum.</span> <span class='ocrx_word' id='word_1_272' title='bbox 414 2630 567 2667; x_wconf 80' lang='grc' dir='ltr'>Κελήτιον</span> <span class='ocrx_word' id='word_1_273' title='bbox 592 2630 643 2670; x_wconf 82' lang='grc' dir='ltr'>ὀξὺ</span> <span class='ocrx_word' id='word_1_274' title='bbox 673 2631 761 2662; x_wconf 76' lang='lat' dir='ltr'>dixit</span> <span class='ocrx_word' id='word_1_275' title='bbox 785 2631 856 2672; x_wconf 85' lang='lat' dir='ltr'>Ap-</span> 
     </span>
     <span class='ocr_line' id='line_1_41' title="bbox 155 2687 285 2719; baseline 0.031 -12"><span class='ocrx_word' id='word_1_276' title='bbox 155 2687 285 2719; x_wconf 69' lang='lat' dir='ltr'>planus.</span> 
     </span>
    </p>

    <p class='ocr_par' dir='ltr' id='par_1_19' title="bbox 199 2730 856 2773">
     <span class='ocr_line' id='line_1_42' title="bbox 199 2730 856 2773; baseline 0.005 -13"><span class='ocrx_word' id='word_1_277' title='bbox 199 2731 220 2760; x_wconf 78' lang='lat'>4</span> <span class='ocrx_word' id='word_1_278' title='bbox 243 2731 439 2766; x_wconf 76' lang='grc' dir='ltr'>Καταβαλὼν</span> <span class='ocrx_word' id='word_1_279' title='bbox 465 2730 587 2772; x_wconf 78' lang='grc' dir='ltr'>ἑαυτὸν]</span> <span class='ocrx_word' id='word_1_280' title='bbox 616 2731 856 2773; x_wconf 78' lang='lat' dir='ltr'>Metaphorice</span> 
     </span>
    </p>
   </div>
   <div class='ocr_carea' id='block_1_17' title="bbox 901 1975 1613 2722">
    <p class='ocr_par' dir='ltr' id='par_1_20' title="bbox 901 1975 1610 2271">
     <span class='ocr_line' id='line_1_43' title="bbox 901 1975 1606 2018; baseline -0.003 -10"><span class='ocrx_word' id='word_1_281' title='bbox 901 1978 1073 2018; x_wconf 80' lang='lat' dir='ltr'>quempiam</span> <span class='ocrx_word' id='word_1_282' title='bbox 1096 1980 1126 2007; x_wconf 73' lang='lat' dir='ltr'>et</span> <span class='ocrx_word' id='word_1_283' title='bbox 1149 1976 1311 2006; x_wconf 79' lang='lat' dir='ltr'>contemtis</span> <span class='ocrx_word' id='word_1_284' title='bbox 1338 1975 1523 2014; x_wconf 76' lang='lat' dir='ltr'>hominibus,</span> <span class='ocrx_word' id='word_1_285' title='bbox 1551 1975 1606 2016; x_wconf 87' lang='lat' dir='ltr'>(ut</span> 
     </span>
     <span class='ocr_line' id='line_1_44' title="bbox 904 2024 1607 2067; baseline -0.003 -8"><span class='ocrx_word' id='word_1_286' title='bbox 904 2033 1001 2059; x_wconf 76' lang='lat' dir='ltr'>reete</span> <span class='ocrx_word' id='word_1_287' title='bbox 1018 2028 1122 2058; x_wconf 83' lang='lat' dir='ltr'>vertit</span> <span class='ocrx_word' id='word_1_288' title='bbox 1146 2027 1254 2057; x_wconf 86' lang='lat' dir='ltr'>Henr.</span> <span class='ocrx_word' id='word_1_289' title='bbox 1271 2024 1407 2067; x_wconf 83' lang='lat' dir='ltr'>Steph.)</span> <span class='ocrx_word' id='word_1_290' title='bbox 1428 2031 1553 2056; x_wconf 76' lang='lat' dir='ltr'>sortem</span> <span class='ocrx_word' id='word_1_291' title='bbox 1571 2031 1607 2057; x_wconf 88' lang='lat' dir='ltr'>et</span> 
     </span>
     <span class='ocr_line' id='line_1_45' title="bbox 904 2075 1606 2120; baseline -0.004 -12"><span class='ocrx_word' id='word_1_292' title='bbox 904 2078 1107 2119; x_wconf 82' lang='lat' dir='ltr'>dignitatem</span> <span class='ocrx_word' id='word_1_293' title='bbox 1150 2076 1374 2120; x_wconf 59' lang='lat' dir='ltr'>dissimulans.</span> <span class='ocrx_word' id='word_1_294' title='bbox 1434 2075 1489 2106; x_wconf 82' lang='lat' dir='ltr'>Ne</span> <span class='ocrx_word' id='word_1_295' title='bbox 1522 2075 1606 2106; x_wconf 84' lang='lat' dir='ltr'>veiis</span> 
     </span>
     <span class='ocr_line' id='line_1_46' title="bbox 905 2126 1609 2167; baseline -0.004 -6"><span class='ocrx_word' id='word_1_296' title='bbox 905 2140 980 2161; x_wconf 88' lang='lat' dir='ltr'>cum</span> <span class='ocrx_word' id='word_1_297' title='bbox 998 2129 1159 2161; x_wconf 80' lang='lat' dir='ltr'>Reiskio:</span> <span class='ocrx_word' id='word_1_298' title='bbox 1184 2130 1297 2163; x_wconf 82' lang='grc' dir='ltr'>καταβ.</span> <span class='ocrx_word' id='word_1_299' title='bbox 1315 2128 1340 2158; x_wconf 83' lang='grc' dir='ltr'>ἑ.</span> <span class='ocrx_word' id='word_1_300' title='bbox 1364 2127 1405 2158; x_wconf 81' lang='grc' dir='ltr'>εἷς</span> <span class='ocrx_word' id='word_1_301' title='bbox 1424 2126 1525 2167; x_wconf 81' lang='grc' dir='ltr'>μυχόν</span> <span class='ocrx_word' id='word_1_302' title='bbox 1539 2139 1609 2158; x_wconf 83' lang='grc' dir='ltr'>τινα</span> 
     </span>
     <span class='ocr_line' id='line_1_47' title="bbox 904 2178 1610 2220; baseline -0.001 -10"><span class='ocrx_word' id='word_1_303' title='bbox 904 2182 966 2211; x_wconf 80' lang='grc' dir='ltr'>τῶν</span> <span class='ocrx_word' id='word_1_304' title='bbox 993 2192 1108 2220; x_wconf 86' lang='grc' dir='ltr'>παρημ.</span> <span class='ocrx_word' id='word_1_305' title='bbox 1140 2189 1210 2210; x_wconf 81' lang='lat' dir='ltr'>cum</span> <span class='ocrx_word' id='word_1_306' title='bbox 1233 2189 1265 2210; x_wconf 89' lang='lat' dir='ltr'>se</span> <span class='ocrx_word' id='word_1_307' title='bbox 1292 2178 1452 2217; x_wconf 45' lang='lat' dir='ltr'>abjecisset</span> <span class='ocrx_word' id='word_1_308' title='bbox 1476 2179 1509 2210; x_wconf 82' lang='lat' dir='ltr'>in</span> <span class='ocrx_word' id='word_1_309' title='bbox 1535 2180 1610 2209; x_wconf 77' lang='lat' dir='ltr'>Late-</span> 
     </span>
     <span class='ocr_line' id='line_1_48' title="bbox 905 2231 1371 2271; baseline -0.002 -10"><span class='ocrx_word' id='word_1_310' title='bbox 905 2231 989 2261; x_wconf 73' lang='lat' dir='ltr'>bram</span> <span class='ocrx_word' id='word_1_311' title='bbox 1005 2232 1159 2271; x_wconf 79' lang='lat' dir='ltr'>quandum</span> <span class='ocrx_word' id='word_1_312' title='bbox 1174 2233 1371 2260; x_wconf 76' lang='lat' dir='ltr'>contemtum.</span> 
     </span>
    </p>

    <p class='ocr_par' dir='ltr' id='par_1_21' title="bbox 908 2279 1606 2369">
     <span class='ocr_line' id='line_1_49' title="bbox 949 2279 1606 2320; baseline -0.003 -8"><span class='ocrx_word' id='word_1_313' title='bbox 949 2286 967 2312; x_wconf 86' lang='lat'>5</span> <span class='ocrx_word' id='word_1_314' title='bbox 984 2282 1043 2311; x_wconf 86' lang='grc' dir='ltr'>Τοῦ</span> <span class='ocrx_word' id='word_1_315' title='bbox 1059 2281 1083 2311; x_wconf 81' lang='grc' dir='ltr'>δ’</span> <span class='ocrx_word' id='word_1_316' title='bbox 1097 2279 1210 2320; x_wconf 82' lang='grc' dir='ltr'>Ἀνίου]</span> <span class='ocrx_word' id='word_1_317' title='bbox 1228 2280 1295 2312; x_wconf 80' lang='lat' dir='ltr'>Qui</span> <span class='ocrx_word' id='word_1_318' title='bbox 1307 2279 1467 2310; x_wconf 80' lang='lat' dir='ltr'>Straboni</span> <span class='ocrx_word' id='word_1_319' title='bbox 1485 2289 1517 2320; x_wconf 91' lang='lat' dir='ltr'>p.</span> <span class='ocrx_word' id='word_1_320' title='bbox 1531 2281 1606 2310; x_wconf 81' lang='lat'><strong>486.</strong></span> 
     </span>
     <span class='ocr_line' id='line_1_50' title="bbox 908 2329 1478 2369; baseline -0.005 -7"><span class='ocrx_word' id='word_1_321' title='bbox 908 2332 992 2363; x_wconf 76' lang='lat' dir='ltr'>Aous</span> <span class='ocrx_word' id='word_1_322' title='bbox 1008 2331 1145 2369; x_wconf 88' lang='lat' dir='ltr'>dicitur,</span> <span class='ocrx_word' id='word_1_323' title='bbox 1160 2330 1219 2361; x_wconf 87' lang='lat' dir='ltr'>ubi</span> <span class='ocrx_word' id='word_1_324' title='bbox 1235 2330 1314 2360; x_wconf 75' lang='lat' dir='ltr'>vide</span> <span class='ocrx_word' id='word_1_325' title='bbox 1332 2329 1478 2360; x_wconf 85' lang='lat' dir='ltr'>Casaub.</span> 
     </span>
    </p>

    <p class='ocr_par' dir='ltr' id='par_1_22' title="bbox 907 2379 1613 2722">
     <span class='ocr_line' id='line_1_51' title="bbox 948 2379 1608 2422; baseline -0.005 -10"><span class='ocrx_word' id='word_1_326' title='bbox 948 2386 968 2412; x_wconf 82' lang='lat'>6</span> <span class='ocrx_word' id='word_1_327' title='bbox 991 2380 1105 2422; x_wconf 74' lang='grc' dir='ltr'>Αῧραν]</span> <span class='ocrx_word' id='word_1_328' title='bbox 1129 2382 1307 2413; x_wconf 72' lang='lat' dir='ltr'>Nocturna</span> <span class='ocrx_word' id='word_1_329' title='bbox 1323 2381 1394 2411; x_wconf 84' lang='lat' dir='ltr'>sive</span> <span class='ocrx_word' id='word_1_330' title='bbox 1412 2379 1526 2420; x_wconf 87' lang='lat' dir='ltr'>potius</span> <span class='ocrx_word' id='word_1_331' title='bbox 1540 2388 1608 2409; x_wconf 86' lang='lat' dir='ltr'>ma-</span> 
     </span>
     <span class='ocr_line' id='line_1_52' title="bbox 907 2431 1611 2469; baseline -0.007 -6"><span class='ocrx_word' id='word_1_332' title='bbox 907 2433 1019 2463; x_wconf 80' lang='lat' dir='ltr'>tutina</span> <span class='ocrx_word' id='word_1_333' title='bbox 1044 2443 1139 2469; x_wconf 71' lang='lat' dir='ltr'>aum,</span> <span class='ocrx_word' id='word_1_334' title='bbox 1157 2432 1220 2462; x_wconf 86' lang='lat' dir='ltr'>sub</span> <span class='ocrx_word' id='word_1_335' title='bbox 1237 2436 1348 2462; x_wconf 79' lang='lat' dir='ltr'>ortum</span> <span class='ocrx_word' id='word_1_336' title='bbox 1376 2431 1454 2461; x_wconf 78' lang='lat' dir='ltr'>solis</span> <span class='ocrx_word' id='word_1_337' title='bbox 1477 2440 1497 2460; x_wconf 90' lang='lat' dir='ltr'>a</span> <span class='ocrx_word' id='word_1_338' title='bbox 1519 2434 1611 2459; x_wconf 83' lang='lat' dir='ltr'>terra</span> 
     </span>
     <span class='ocr_line' id='line_1_53' title="bbox 908 2479 1611 2522; baseline -0.006 -10"><span class='ocrx_word' id='word_1_339' title='bbox 908 2483 1052 2522; x_wconf 66' lang='lat' dir='ltr'>spirans,</span> <span class='ocrx_word' id='word_1_340' title='bbox 1082 2482 1144 2512; x_wconf 79' lang='lat' dir='ltr'>nisi</span> <span class='ocrx_word' id='word_1_341' title='bbox 1174 2492 1193 2511; x_wconf 83' lang='lat' dir='ltr'>a</span> <span class='ocrx_word' id='word_1_342' title='bbox 1224 2481 1376 2521; x_wconf 81' lang='lat' dir='ltr'>procella</span> <span class='ocrx_word' id='word_1_343' title='bbox 1402 2479 1611 2519; x_wconf 82' lang='lat' dir='ltr'>reprimitur,</span> 
     </span>
     <span class='ocr_line' id='line_1_54' title="bbox 908 2531 1610 2571; baseline -0.006 -9"><span class='ocrx_word' id='word_1_344' title='bbox 908 2533 1048 2563; x_wconf 73' lang='lat' dir='ltr'>navibus</span> <span class='ocrx_word' id='word_1_345' title='bbox 1071 2543 1089 2563; x_wconf 75' lang='lat' dir='ltr'>e,</span> <span class='ocrx_word' id='word_1_346' title='bbox 1115 2531 1280 2571; x_wconf 86' lang='lat' dir='ltr'>portubus</span> <span class='ocrx_word' id='word_1_347' title='bbox 1298 2531 1330 2560; x_wconf 92' lang='lat' dir='ltr'>in</span> <span class='ocrx_word' id='word_1_348' title='bbox 1348 2539 1440 2559; x_wconf 84' lang='lat' dir='ltr'>mare</span> <span class='ocrx_word' id='word_1_349' title='bbox 1458 2538 1610 2569; x_wconf 77' lang='lat' dir='ltr'>egressu-</span> 
     </span>
     <span class='ocr_line' id='line_1_55' title="bbox 909 2578 1613 2620; baseline -0.004 -8"><span class='ocrx_word' id='word_1_350' title='bbox 909 2583 952 2612; x_wconf 88' lang='lat' dir='ltr'>ris</span> <span class='ocrx_word' id='word_1_351' title='bbox 969 2582 1145 2612; x_wconf 83' lang='lat' dir='ltr'>utiiissima</span> <span class='ocrx_word' id='word_1_352' title='bbox 1161 2586 1224 2612; x_wconf 80' lang='lat' dir='ltr'>est.</span> <span class='ocrx_word' id='word_1_353' title='bbox 1261 2581 1303 2610; x_wconf 64' lang='lat' dir='ltr'>“H</span> <span class='ocrx_word' id='word_1_354' title='bbox 1320 2581 1451 2620; x_wconf 76' lang='grc' dir='ltr'>παρεῖχε</span> <span class='ocrx_word' id='word_1_355' title='bbox 1470 2578 1613 2615; x_wconf 74' lang='grc' dir='ltr'>τηνικαῦ-</span> 
     </span>
     <span class='ocr_line' id='line_1_56' title="bbox 910 2627 1612 2672; baseline -0.004 -10"><span class='ocrx_word' id='word_1_356' title='bbox 910 2644 962 2670; x_wconf 87' lang='grc' dir='ltr'>τα,</span> <span class='ocrx_word' id='word_1_357' title='bbox 987 2642 1053 2672; x_wconf 73' lang='grc' dir='ltr'>φιιε</span> <span class='ocrx_word' id='word_1_358' title='bbox 1074 2636 1153 2669; x_wconf 77' lang='lat' dir='ltr'>tum,</span> <span class='ocrx_word' id='word_1_359' title='bbox 1170 2630 1305 2671; x_wconf 90' lang='lat' dir='ltr'>quando</span> <span class='ocrx_word' id='word_1_360' title='bbox 1334 2631 1452 2670; x_wconf 77' lang='lat' dir='ltr'>spirat,</span> <span class='ocrx_word' id='word_1_361' title='bbox 1476 2627 1612 2669; x_wconf 73' lang='lat' dir='ltr'>praebere</span> 
     </span>
     <span class='ocr_line' id='line_1_57' title="bbox 910 2679 1540 2722; baseline -0.006 -8"><span class='ocrx_word' id='word_1_362' title='bbox 910 2684 996 2714; x_wconf 78' lang='lat' dir='ltr'>solet.</span> <span class='ocrx_word' id='word_1_363' title='bbox 1043 2682 1098 2713; x_wconf 79' lang='lat' dir='ltr'>Ad</span> <span class='ocrx_word' id='word_1_364' title='bbox 1114 2680 1265 2720; x_wconf 75' lang='grc' dir='ltr'>πελάγιος</span> <span class='ocrx_word' id='word_1_365' title='bbox 1281 2681 1404 2722; x_wconf 78' lang='lat' dir='ltr'>supple</span> <span class='ocrx_word' id='word_1_366' title='bbox 1420 2679 1540 2719; x_wconf 72' lang='grc' dir='ltr'>ἄνεμος.</span> 
     </span>
    </p>
   </div>
  </div>
 </body>
</html>
