1872 3104
616 187 655 215 c.
686 183 817 215 ,ιυωι
859 182 1092 214 cAEsAtus.
1471 176 1586 219 2065

185 293 247 329 Jo.
273 286 426 330 Brantii,
449 284 563 322 Dion.
586 281 708 319 Vossii
738 287 777 319 et
795 281 953 320 aliorum
990 280 1091 320 notis
1121 295 1206 320 suas
1234 283 1386 320 addidit
1412 285 1580 323 Joannes

188 352 378 392 Davisius.
417 345 619 385 Accedunt
651 345 825 394 ejusdem
847 358 949 383 curae
969 345 1148 383 secundae
1169 358 1239 383 nec
1260 358 1336 383 non
1359 346 1582 396 Metaphra-

187 417 237 455 sis
268 425 391 464 graeca
418 411 601 448 librorum
634 419 716 446 vu.
738 409 788 447 ‹le
826 410 926 447 bello
959 410 1131 447 Gallico.
1171 409 1444 459 Cantabrigiae,
1478 411 1582 460 typis

185 475 428 516 academicis.

138 546 232 585 1728
262 537 427 576 Parisiis.
451 542 513 575 24.
541 538 633 587 maj.

133 609 228 647 1731
264 601 441 639 Londini.
473 607 510 640 8.
543 603 683 653 Repet.
703 601 957 640 ed.Goduini
978 601 1014 637 in
1037 614 1147 638 usum
1169 601 1368 651 Delphini.

127 689 180 697 -—
207 665 358 715 Lipsiae.
379 670 414 703 8.
453 678 499 702 ex
521 679 597 703 rec.
617 672 657 704 et
678 679 766 704 cnm
788 665 886 703 notis
905 665 1127 714 Christoph.
1151 665 1314 702 Cellarii.

133 727 232 774 1736
261 729 442 767 Londini.
477 735 537 768 12.
558 743 604 768 ex
631 730 734 768 offic.
755 731 792 769 J.
813 737 850 768 et
870 730 918 767 R.
938 730 1113 766 Tonson.
1153 728 1348 779 Repetitio
1369 727 1432 766 ed.
1455 727 1579 766 Mich.

182 793 379 831 Maittairii
399 806 461 830 an.
488 792 600 837 1716.

127 879 177 884 —
209 857 364 906 Lipsiae.
383 863 419 895 8.
441 871 488 895 ex
508 871 585 895 rec.
604 858 828 908 Christoph.
844 857 1009 896 Cellarii.

126 943 178 948 —
208 920 462 958 Vindobonae.
487 927 523 959 8.
538 935 624 960 cum
647 923 746 959 notis
767 935 885 971 germ.
908 927 945 958 et
966 919 1072 957 tabb.
1094 931 1223 968 geogr.

132 988 230 1026 1737
259 984 463 1030 (Venetiis)
491 983 557 1021 fol.
582 985 671 1022 min.
709 998 738 1022 s.
776 991 812 1021 4.
844 983 936 1031 maj.
960 983 1005 1020 C.
1028 982 1118 1020 Julii
1147 981 1307 1020 Caesaris
1327 994 1414 1031 quae
1447 987 1580 1020 extant

179 1046 465 1091 omnia,1talica
480 1047 649 1084 versione
670 1060 690 1084 e
704 1059 774 1084 ms.
797 1047 932 1084 codice
946 1045 994 1083 ad
1014 1045 1240 1083 hodiernum
1267 1045 1407 1094 stylum
1423 1056 1582 1082 accom-

179 1109 356 1152 modata:
390 1110 528 1147 tabulis
549 1111 661 1148 aeneis
681 1123 796 1161 quam
829 1110 1015 1160 plurimis,
1051 1110 1109 1146 vel
1150 1109 1357 1153 historiam,
1397 1109 1455 1146 vel
1494 1121 1583 1158 geo-

177 1173 375 1223 graphiam
409 1174 702 1218 exhibentibus;
766 1176 867 1212 notis
900 1181 979 1212 tum
1019 1173 1209 1210 variorum
1241 1186 1287 1210 ex
1334 1172 1581 1217 Hollandica,

177 1237 419 1287 Anglicaque
464 1238 713 1283 editionibus,
753 1244 834 1275 tum
887 1237 924 1275 in
978 1250 1087 1274 usum
1142 1238 1224 1274 Ser.
1265 1236 1460 1286 Delphini,
1499 1243 1579 1273 tum

179 1299 269 1346 suis,
304 1301 423 1338 altero
451 1302 580 1339 Tomo
602 1302 848 1352 reperiendis,
878 1302 983 1339 auxit
1012 1301 1241 1339 Hermolaus
1271 1300 1475 1344 Albritius,
1499 1300 1579 1337 uni-

178 1364 331 1402 versalis
364 1365 462 1403 liter.
515 1366 720 1404 Societatis
754 1366 978 1403 Albritianae
1008 1365 1198 1402 conditor.
1236 1365 1403 1401 Decreto
1433 1370 1474 1400 et
1507 1376 1581 1400 aere

176 1427 350 1475 ejusdem
370 1428 575 1474 societatis,
604 1442 705 1466 anno
725 1436 853 1466 autem
876 1429 1147 1472 sur-Quem
1174 1440 1317 1465 annum
1350 1426 1580 1476 respondere

178 1503 213 1527 a.
235 1491 280 1528 C.
306 1496 418 1535 1737.
441 1492 575 1530 scribit
596 1493 767 1535 Paitoni;
810 1492 858 1529 ad
879 1505 1019 1529 annum
1035 1496 1163 1528 autem
1189 1489 1302 1533 1736.
1325 1490 1441 1527 refert
1461 1490 1580 1527 Ham-

178 1554 325 1604 berger.
374 1555 545 1593 Alterum
586 1569 675 1594 vero
705 1557 872 1594 Tomum
911 1554 1083 1593 nondum
1130 1555 1239 1604 prelo
1286 1553 1434 1599 exiisse,
1474 1552 1582 1590 dolet

177 1618 339 1656 Paitoni.

126 1703 178 1708 —
207 1682 383 1732 Lugduni
399 1684 484 1721 Bat.
516 1690 553 1721 4.
583 1684 676 1733 maj.
698 1685 744 1722 C.
767 1683 859 1721 Julii
886 1682 1047 1721 Caesaris
1067 1681 1114 1719 de
1132 1681 1231 1719 bello
1248 1681 1402 1719 Gallico
1421 1688 1461 1719 et
1481 1681 1582 1720 civili

179 1744 430 1794 Pompeiano,
453 1759 524 1783 nec
545 1759 621 1784 non
636 1749 685 1784 A.
703 1746 828 1791 Hirtii,
849 1745 1088 1794 aliorumque
1108 1744 1154 1782 de
1175 1745 1283 1781 bellis
1306 1744 1579 1790 Alexandrino,

178 1807 362 1846 Africano
375 1815 414 1846 et
429 1809 669 1860 Hispaniensi
686 1809 971 1853 commentarii,
982 1809 1028 1845 ad
1046 1815 1249 1845 msstorum
1267 1807 1384 1845 fidem
1400 1808 1581 1857 expressi,

178 1883 263 1908 cnm
280 1871 436 1922 integris
456 1874 553 1911 notis
565 1873 1052 1918 Dion.Vossii‚Jo.Davisii
1072 1880 1110 1910 ct
1130 1871 1399 1909 Sam.Clarkii.
1426 1872 1526 1909 Cura
1542 1877 1583 1909 et

180 1934 309 1973 studio
330 1937 523 1975 Francisci
542 1937 826 1987 Oudendorpii,
849 1937 915 1986 qui
933 1949 1020 1974 suas
1040 1935 1385 1972 animadversiones
1406 1941 1443 1972 et
1458 1935 1580 1972 varias

179 1998 360 2037 lectiones
389 1999 550 2050 adjecit.
585 2000 711 2051 Lugd.
752 2001 838 2037 Bat.
867 1999 972 2049 apud
1010 2000 1051 2037 S.
1085 1998 1339 2036 Luchtmans.
1375 1998 1579 2036 Rotterod.

178 2062 282 2111 apud
315 2064 378 2101 Jo.
417 2065 520 2102 Dan.
555 2065 712 2102 Beman.
740 2077 773 2101 c.
808 2061 1262 2114 figg.—Oudendorpins
1302 2074 1437 2111 magna
1470 2062 1584 2111 copia

183 2126 393 2164 Msstorum
429 2135 468 2166 et
502 2128 612 2166 editt.
651 2142 767 2179 quam
801 2128 950 2173 habuit,
990 2127 1179 2177 sapienter
1211 2125 1261 2163 ad
1299 2124 1581 2163 emendandum

183 2195 329 2227 textum
351 2204 442 2228 usus
460 2198 532 2229 est.
569 2193 714 2230 Praeter
732 2198 961 2229 memoratas
982 2191 1018 2228 in
1039 2190 1150 2227 titulo
1170 2190 1334 2239 integras
1355 2195 1477 2233 notas,
1498 2188 1581 2226 reli-

183 2266 342 2302 quorum
375 2255 488 2293 etiam
510 2256 762 2306 interpretum
782 2254 1126 2292 animadversiones
1147 2252 1353 2297 consuluit,
1374 2265 1582 2302 earumque

188 2331 387 2363 summam,
409 2319 473 2357 ubi
494 2332 590 2368 opus
622 2319 739 2356 visum
771 2326 864 2363 erat,
884 2318 1115 2368 propinavit.
1174 2317 1370 2355 iudicibus
1399 2316 1582 2366 praemisit

182 2381 377 2419 Dodwelli
396 2381 540 2433 disput.
563 2382 612 2419 de
631 2389 787 2420 auctore
818 2383 885 2419 lib.
907 2392 1011 2419 VIII.
1045 2382 1092 2419 B.
1114 2382 1167 2419 G.
1190 2386 1227 2418 et
1244 2381 1355 2418 Alex.
1378 2379 1442 2418 Af.
1465 2386 1582 2429 atque

185 2446 295 2495 Hisp.
319 2445 410 2482 item
429 2447 511 2485 Jos.
533 2446 717 2495 Scaligeri
736 2445 908 2483 notitiam
928 2445 1082 2483 Galliae.

136 2514 234 2554 1739
266 2509 490 2559 Edinburgi.
529 2515 589 2547 12.
626 2510 672 2547 C.
692 2509 784 2546 Julii
818 2509 980 2547 Caesaris
1010 2507 1058 2546 de
1091 2506 1194 2545 bello
1224 2506 1380 2545 Gallico
1406 2513 1445 2544 ct
1472 2504 1584 2544 Civili

183 2573 460 2611 commentarii.

131 2658 184 2666 —
211 2636 390 2674 Londini.
423 2642 458 2674 S.
490 2637 589 2686 Rep.
604 2635 666 2673 ed.
692 2641 806 2679 1720.

131 2722 184 2730 ·-
210 2701 402 2751 Lugduni.
435 2700 494 2737 16.
513 2713 560 2738 ex
579 2714 656 2740 rec.
676 2699 871 2750 Scaligeri.

217 2764 330 2806 Delplt.
346 2768 375 2796 et
395 2765 468 2796 Var.
488 2765 571 2796 Clas.
862 2763 942 2794 Cres.
1424 2764 1443 2790 (i
1469 2760 1496 2790 P
