1872 3104
572 170 613 198 c.
643 168 679 197 J.
712 165 929 195 cAESAms
961 165 1096 194 vi'rA.
1473 158 1586 199 1995

107 263 173 302 τὰν
191 265 318 307 τόπον,
340 263 543 310 ὀψομένους
561 260 602 296 τὸ
622 260 747 301 πάθος,
770 258 849 294 τους
870 256 900 293 δ’
921 258 1074 302 ἐκεῖθεν,
1097 259 1313 306 ἑωρακότας.
1347 260 1546 299 Ἀντώνιος
1564 264 1575 281 ¹

109 326 149 363 δὲ
169 330 229 364 καὶ
247 324 423 366 Λέπιδος,
443 324 477 359 οἱ
494 323 659 370 μάλιστα
679 325 779 372 φίλοι
800 322 1004 369 Καίσαρος,
1028 321 1255 367 ὑπεκδύντες,
1278 325 1329 359 εἷς
1358 326 1472 361 οἰκίας
1500 328 1576 362 ἑτέ-

108 406 173 439 ρας
193 393 411 438 κατέφυγον.
468 386 519 423 (.)ι’
540 384 581 421 δὲ
598 387 678 433 περὶ
698 385 870 433 Βροῦτον,
895 386 1016 433 ὥσπερ
1046 383 1142 429 ἦσαν
1172 387 1224 422 ἔτι
1246 388 1373 436 θερμοὶ
1393 390 1439 438 τῷ
1459 390 1569 438 φόνῳ,

111 456 235 502 γυμνὰ
256 454 300 488 τὲι
319 454 400 501 ξίφη
422 448 639 492 δεικνύντες,
662 449 741 498 ἅμα
766 448 901 484 πάντες
929 448 1002 484 ἀπὸ
1032 453 1094 484 τοῦ
1121 447 1393 499 βουλευτηρίου
1423 466 1579 498 συστρα-

109 521 235 565 φέντες
255 515 418 565 ἐχώρουν
435 515 485 550 εἷς
505 513 544 550 τὸ
565 512 820 555 Καπιτώλιον,
841 513 882 547 οὺ
912 511 1115 561 φεύγουσιν
1145 513 1311 558 ἐοικότες,
1339 517 1441 552 ἀλλὰ
1468 515 1575 564 μάλα

109 577 250 630 φαιδροὶ
269 579 326 613 καὶ
348 577 565 627 θαῤῥαλέοι,
586 578 886 623 παρακαλοῦντες
917 576 977 611 ἐπὶ
1006 578 1072 619 τὴν
1105 577 1323 627 ἐλευθερίαν
1351 580 1390 615 τὸ
1424 581 1574 623 πλῆθος,

109 645 167 679 καὶ
196 639 490 691 προσδεχόμενοι
527 640 608 676 τοὺς
636 641 803 687 ἀρίστους
831 646 903 675 τῶν
936 640 1260 690 ἐντυγχανόντων.
1307 641 1427 679 ’Έιίοι
1455 640 1496 678 δὲ
1515 644 1575 679 καὶ

107 703 384 751 συνανέβαινον
403 707 539 749 αὺτοῖς,
562 706 619 740 καὶ
639 708 919 752 κατεμίγνυσαν
948 702 1108 747 ἑαυτοὺς,
1141 707 1187 740 ὡς
1213 707 1479 755 μετεσχηκότες
1508 710 1570 742 τοῦ

106 771 229 819 ἔργου,
260 770 318 805 καὶ
346 773 632 816 προσεποιοῦντο
652 771 718 812 τὴν
737 766 861 814 δόξαν·
893 766 945 804 ὦν
974 766 1019 811 ἦν
1049 770 1106 804 καὶ
1131 766 1241 804 Γάϊος
1267 768 1477 806 Ὀκταούϊος
1511 771 1573 806 καὶ

102 833 276 870 Λέντλος
295 832 469 880 Σπινθήρ.
525 830 639 869 Οὗτοι
658 832 728 881 μὲν
748 829 812 868 οὖν
831 838 891 875 τῆς
910 833 1142 871 maeonius
1163 830 1268 876 δίκην
1298 831 1441 870 ἔδωκαν
1472 834 1574 870 ὕστε-

99 913 177 945 ρον,
200 898 256 933 ὑπ’
275 897 482 934 Ἀντωνίου
501 898 558 932 καὶ
587 900 649 932 τοῦ
679 897 762 931 νεόυ
796 895 990 943 Καίσαρος
1016 897 1288 943 ἀναιρεθέντες,
1310 898 1367 933 καὶ
1390 894 1485 946 μηδὲ
1506 906 1568 941 τῆς

101 959 234 1005 δόξης,2
255 960 298 997 δι’
315 964 359 1004 ἢν
379 961 626 1004 ἀπέθνησκον,
655 958 950 1002 ἀπολαύσαντες,
980 959 1136 1006 ἀπιστίᾳ
1164 966 1236 996 τῶν
1266 961 1409 997 ἄλλων.
1465 959 1567 998 Οὐδὲ

105 1027 178 1074 γὰρ
199 1025 232 1060 οἱ
253 1025 473 1063 κολάᾶοντες
493 1021 633 1066 αὐτους,
656 1031 716 1067 τῆς
732 1023 902 1069 πράξεως,
925 1025 1026 1059 ἀλλὰ
1051 1032 1112 1068 τῆς
1129 1022 1358 1070 βουλήσεως,
1380 1026 1446 1068 τὴν
1465 1023 1568 1069 δίκην

105 1087 262 1135 ἔλαβον.
318 1087 413 1124 Μεθ’
434 1089 575 1137 ἡμέραν
594 1086 634 1124 δὲ
652 1093 724 1124 τῶν
742 1090 821 1136 περὶ
838 1087 997 1135 Βροῦτον
1018 1089 1271 1124 κατελθόντων
1292 1090 1350 1124 καὶ
1370 1092 1572 1137 ποιησαμέ-

105 1167 179 1188 νων
197 1154 343 1199 λόγους,
379 1153 397 1188 ὁ
424 1152 495 1200 μὲν
522 1149 645 1201 δῆμος,
668 1152 749 1188 οὔτε
780 1149 1050 1201 δυσχεραίνων,
1071 1153 1163 1194 οὔτε,
1187 1154 1231 1187 ὡς
1255 1152 1418 1188 ε’παινῶν
1438 1155 1482 1189 τὰ
1502 1167 1570 1189 πε-

102 1219 314 1265 πραγμένα,
336 1220 409 1252 τοῖς
428 1218 646 1264 λεγομένοις
665 1220 880 1265 προσεῖχεν,
902 1216 988 1251 ἀλλ’
1008 1213 1197 1259 ὑπεδήλου
1220 1218 1262 1267 τῇ
1282 1218 1405 1268 πολλῇ
1436 1219 1568 1269 σιωπῇ,

102 1278 278 1327 Καίσαρα
298 1279 368 1328 μὲν
387 1280 583 1326 οἰκτείρων,
605 1276 819 1326 αἰδούμενος
842 1277 883 1314 δὲ
902 1278 1077 1327 Βροῦτον.
1106 1278 1154 1314 ‘H
1175 1277 1214 1315 δὲ
1236 1281 1439 1326 σύγκλητος
1453 1281 1571 1329 ἀμνη-

106 1345 208 1379 στίας
240 1343 363 1378 τινὰς3
393 1344 451 1379 καὶ
487 1340 691 1391 συμβάσεις
719 1342 929 1390 πράττουσα
965 1347 1071 1387 πᾶσι,
1094 1342 1273 1392 Καίσαρα
1300 1345 1372 1391 μὲν
1404 1346 1448 1380 ὡς
1483 1343 1569 1380 θεὸν

102 1408 213 1454 τιμᾷν
233 1405 478 1455 ἐψηφίσαντο,
501 1410 557 1442 καὶ
585 1411 701 1442 κινεῖν
727 1404 822 1456 μηδὲ
849 1406 889 1443 τὸ
921 1408 1175 1456 σμικρότατον,
1196 1405 1249 1444 οἷν
1277 1407 1413 1444 ἐκεῖνος
1441 1408 1568 1458 ἅρχων

103 1467 318 1516 ἐβούλευσε·
350 1474 422 1505 τοῖς
442 1467 484 1504 δὲ
502 1471 582 1518 περὶ
603 1469 761 1518 Βροῦτον
781 1471 962 1520 ἐπαρχίας
996 1485 1036 1506 τε
1066 1469 1240 1520 διένειμε,
1265 1472 1323 1507 καὶ
1352 1473 1457 1520 τιμὰς
1478 1471 1567 1507 ἀπέ-

103 1531 194 1569 δωκε
214 1532 434 1580 πρεπούσας·
457 1535 551 1569 ὥστε
570 1533 710 1570 πάντας
729 1533 887 1577 σ’ίεσθαι,
908 1536 952 1570 τὰ
972 1534 1175 1584 πράγματα
1196 1534 1426 1572 κατάστασιν
1448 1535 1565 1584 ἔχειν,

104 1597 162 1632 καὶ
181 1595 371 1644 σύγκρισιν
390 1598 640 1648 ἀπειληφέναι
659 1598 724 1641 τὴν
740 1598 911 1646 ἀρίστην.

605 1787 640 1828 C
653 1786 697 1829 A
711 1788 765 1830 P.
827 1787 1062 1829 LXVIII.

98 1896 240 1928 Caesaris
268 1901 473 1928 testamento
495 1896 670 1938 publicato
694 1897 839 1938 populns
866 1897 1060 1928 mutilatum
1088 1906 1212 1937 corpus
1239 1897 1455 1938 conspicatus
1482 1908 1562 1929 con-

142 1955 237 1991 gesto
254 1950 377 1991 raptim
402 1960 483 1992 rogo
507 1951 540 1981 in
563 1950 636 1982 foro
653 1961 777 1991 corpus
794 1951 976 1987 comburit,
993 1959 1067 1981 cum
1085 1949 1263 1981 titionibus
1280 1960 1342 1991 pei·
1359 1951 1476 1982 urbem
1494 1952 1562 1983 dis-

142 2004 261 2042 currit,
276 2003 318 2034 ad
346 2004 461 2035 domos
489 2004 740 2045 conjuratorum
766 2004 1007 2044 incendendas,
1023 2007 1059 2035 et
1088 2004 1231 2035 Cinnam
1258 2004 1439 2045 quendam,
1461 2015 1561 2047 quem

142 2065 203 2096 pro
219 2057 284 2087 alio
302 2056 411 2087 Cinna
434 2066 476 2087 ex
499 2058 687 2098 conjuratis
709 2058 823 2098 habet,
840 2058 994 2089 dilaniat.
1040 2058 1174 2089 Cassius
1188 2063 1223 2089 et
1240 2059 1367 2089 Brutus
1380 2069 1451 2100 prae
1467 2065 1561 2091 metu

143 2118 186 2140 ex
203 2108 284 2139 urbe
301 2109 494 2140 discedunt.

152 2209 254 2247 Ἐπεὶ
270 2208 324 2255 δὲ,
342 2217 414 2248 τῶν
433 2209 614 2257 διαθηκῶν
633 2220 706 2250 τῶν
732 2213 923 2263 Καίσαρος
942 2215 1206 2265 ἀνοιχθεισῶν,
1228 2216 1356 2264 εὑρέθη
1377 2213 1558 2266 δεδομένη

757 2330 899 2363 NOTAE

143 2406 157 2433 l
181 2402 282 2442 Ἀντ.]
306 2402 474 2435 Antonius
497 2408 571 2435 erat
594 2405 722 2446 consul,
738 2406 800 2437 Le-
854 2405 946 2438 inter
961 2415 1088 2445 omnes,
1100 2406 1159 2437 sed
1176 2405 1218 2436 ob
1229 2406 1454 2445 voluntatem,
1466 2406 1557 2447 quod

98 2454 197 2495 pidus
214 2453 376 2493 magister
391 2454 552 2495 equitum.
854 2454 1075 2486 affectassent
1098 2455 1252 2495 gloriam,
1266 2460 1306 2485 ut
1322 2456 1410 2486 inter
1426 2465 1556 2495 perem-

137 2507 158 2535 2
180 2505 241 2541 Τῆς
267 2503 366 2543 δόξης,
391 2504 480 2545 quod
506 2505 675 2536 Caesarem
701 2515 798 2546 pere-
854 2511 943 2535 tores
960 2506 1103 2536 Caesaris
1122 2505 1342 2544 haberentur,
1358 2505 1448 2545 iique
1465 2505 1557 2536 vide-

96 2555 255 2586 missent:
287 2554 427 2595 ἀπιστίᾳ,
453 2555 530 2595 qnia
558 2564 656 2585 nemo
682 2555 798 2586 crede·
851 2560 970 2585 rentur
994 2564 1081 2593 esse,
1105 2555 1162 2595 qni
1189 2554 1318 2585 caedem
1342 2561 1480 2594 patrare
1497 2564 1555 2586 vo-

97 2604 167 2644 bat,
185 2614 241 2636 eos
267 2605 302 2636 id
326 2604 466 2636 fecisse:
491 2605 577 2635 ἀλλὰ
598 2606 654 2641 τῆς
679 2604 793 2642 βουλή-
850 2605 1003 2636 luissent.
1043 2606 1168 2636 Reiske.

95 2665 183 2695 σεως,
204 2665 271 2686 non
300 2659 442 2697 propter
472 2656 613 2696 factum,
638 2657 726 2697 quod
750 2656 793 2687 ab
890 2659 909 2687 3
936 2654 1121 2694 Ἀμνηστίας
1145 2655 1246 2696 τινὰς]
1284 2655 1451 2688 Cicerone
1481 2665 1555 2688 sua-

94 2704 175 2745 ipsis
200 2715 266 2737 non
293 2715 368 2738 esse
393 2706 599 2748 profectum,
615 2707 794 2739 constabat
848 2715 937 2738 sore.
