1872 3104
613 188 973 222 c.J.cAEsAnm
1005 189 1138 218 vum.
1478 180 1590 222 lfflss)

148 295 237 335 γῶν.
290 288 432 339 Μέχρις
462 283 503 322 οὗ
537 282 721 332 σποράδην
742 283 810 320 ὑπὸ
839 283 993 333 θράσους
1011 279 1254 330 βάλλοντας6
1273 282 1477 327 ἐπεξελθὼν
1496 283 1593 332 ἐτρέ-

149 352 257 399 ψατο,
277 354 334 388 καὶ
353 349 510 387 πολλοὺς
529 349 648 385 αὑτῶν
667 345 861 399 διέφθειρε.

684 525 720 567 C
736 525 776 567 A
789 526 841 567 P.
883 523 1052 567 XXV.

149 615 231 647 Aliis
246 615 421 648 Gallorum
438 615 561 647 iterum
573 615 721 655 domitis,
732 615 798 646 alia
814 620 912 655 parte
929 615 1163 655 gravissimum
1180 617 1289 648 oritur
1304 617 1443 658 bellum,
1458 618 1597 650 Vercin-

515 669 670 710 getorige
687 668 863 700 Gallorum
877 669 977 708 duce,
992 679 1022 700 a.
1040 669 1119 701 Chr.
1134 679 1166 701 n.
1182 673 1236 702 52.

199 742 318 781 Τοῦτο
355 746 418 781 τὰς
461 746 603 781 πολλὰς
645 746 870 781 ἀποστάσεις
918 750 990 781 τῶν
1038 745 1227 782 ἐνταῦθαΙ
1273 743 1457 782 Γαλατῶν
1498 761 1600 783 κατε-

150 809 314 856 στόρεσε,
357 809 416 844 καὶ
452 815 516 845 τοῦ
558 815 737 859 χειμῶνος
768 808 886 852 αὐτὸς,
931 809 1126 858 ἐπιφοιτῶν
1176 823 1216 845 τε
1267 810 1497 858 πανταχόσε,
1542 811 1600 846 καὶ

148 873 344 921 προσέχων
364 871 466 916 ὀξέως
486 876 560 907 τοῖς
581 875 846 919 νεωτερισμοῖς.
899 870 976 907 Καὶ
996 873 1067 917 γὰρ
1086 868 1172 914 ἧκεν
1192 871 1229 916 ἐξ
1246 870 1409 908 Ἰταλίας
1427 873 1509 908 ἀντὶ
1529 879 1601 909 τῶν

149 934 400 971 ἀπολωλότων
424 936 519 985 αὐτῷ
542 938 624 982 τρία
652 935 840 983 τάγματα·
870 932 1068 981 Πομπηΐου
1086 934 1157 982 μὲν
1191 935 1230 971 ἐκ
1259 941 1330 971 τῶν
1349 935 1404 985 ὑφ’
1424 935 1519 985 αὐτῷ
1539 933 1601 971 δύο

150 1002 367 1047 χρήσαντος,
387 1000 429 1035 ἓν
448 997 489 1034 δὲ
508 1000 772 1035 νεοσύλλεκτον
800 997 839 1033 ἐκ
865 1002 925 1040 τῆς
944 998 1024 1045 περὶ
1052 995 1182 1035 Πάδον
1212 996 1415 1034 Γαλατίας.
1470 996 1602 1047 Πύῤῥω

152 1058 194 1096 δὲ
213 1063 378 1098 τούτων2
410 1061 449 1097 αἱ
478 1061 599 1097 πάλαι
626 1059 959 1109 καταβεβλημέναι
990 1063 1104 1110 κρύφα
1137 1063 1197 1098 καὶ
1230 1062 1434 1110 νεμόμεναι
1452 1059 1512 1097 διὰ
1530 1067 1603 1097 τῶν

150 1121 413 1160 δυνατωτάτων
432 1122 589 1173 ἀνδρῶν,
606 1125 647 1161 έν
665 1129 738 1161 τοῖς
751 1124 1026 1174 μαχιμωτάτοις
1042 1127 1194 1171 γένεσιν
1213 1125 1327 1174 ἀρχαὶ
1342 1128 1404 1160 τοῦ
1422 1127 1605 1172 μεγίστου

153 1188 211 1223 καὶ
232 1185 562 1224 κινδυνωδεστάτου
584 1194 654 1224 τῶν
674 1187 749 1223 ἐκεῖ
769 1189 943 1236 πολέμων
966 1188 1226 1237 ἀνεφαίνοντο,
1257 1188 1456 1236 ῥωσθεῖσαι
1483 1188 1606 1238 πολλῇ

153 1250 223 1300 μὲν
251 1252 387 1298 ἡλικίᾳ,
409 1251 466 1286 καὶ
486 1252 724 1300 πανταχόθεν
756 1250 881 1287 ὅπλοις
902 1251 1142 1298 (ἰθροισθεῖσι,
1164 1251 1345 1301 μεγάλοις
1372 1248 1412 1286 δὲ
1436 1252 1607 1286 πλούτοις

154 1314 205 1350 εἰς
224 1314 333 1350 ταύτὸ
363 1316 655 1364 συνενεχθεῖσιν,
691 1315 858 1364 ἰσχυραῖς
893 1312 933 1350 δὲ
959 1315 1104 1359 πόλεσι,
1124 1312 1368 1363 δυσεμβόλοις
1388 1311 1429 1349 δὲ
1456 1314 1606 1362 χώραις.

152 1374 249 1412 Τότε
267 1374 307 1411 δὲ
335 1382 517 1425 χειμῶνος
546 1378 632 1423 ὥρᾳ,
658 1377 773 1422 πάγοι
803 1383 990 1426 ποταμῶν,
1021 1378 1079 1412 καὶ
1110 1381 1266 1427 νιφετοῖς
1293 1377 1608 1425 ἀποκεκρυμμένοι

155 1436 312 1487 ὅρυμοῖ,3
345 1440 403 1474 καὶ
432 1436 543 1475 πεδία
570 1439 780 1489 χειμάῤῥοις
808 1439 1172 1489 ἐπιλελιμνασμένα,
1195 1440 1252 1476 καὶ
1272 1447 1321 1484 πῆ
1340 1439 1411 1489 μὲν
1430 1441 1610 1487 ἀτέκμαρ-

155 1516 209 1538 τοι
228 1499 340 1547 βάθει
354 1503 478 1552 χιόνος
497 1503 665 1549 ἀτραποὶ,
687 1510 737 1547 πῆ
757 1500 798 1538 δὲ
813 1501 856 1538 δι’
876 1503 971 1539 ἑλῶν
991 1505 1049 1538 καὶ
1063 1503 1254 1552 ῥευμάτων
1274 1504 1610 1551 παρατρεπομένων

156 1564 318 1615 ἀσάφεια
337 1567 458 1610 πολλὴ
485 1571 545 1609 τῆς
574 1568 735 1614 πορείας,
768 1565 1009 1602 παντάπασιν
1037 1564 1186 1602 ἐδόκουν
1218 1567 1484 1615 ἀνεπιχείρητα
1516 1565 1612 1601 Καί-

159 1641 240 1674 σαρι
261 1629 306 1664 τὰ
324 1634 397 1664 τῶν
416 1629 676 1677 ἀφισταμένων
694 1633 827 1665 ποιεῖν.
883 1628 1121 1678 Ἀψειστὴκει
1152 1630 1222 1678 μὲν
1251 1626 1314 1664 οὖν
1342 1630 1467 1664 πολλὰ
1495 1630 1610 1676 φῦλα,

159 1691 360 1740 πρόσχημα
381 1689 411 1727 δ’
430 1689 526 1735 ἦσαν
544 1690 744 1739 Ἀρβέννοι
764 1693 822 1728 καὶ
842 1691 1103 1739 Καρνουτῖνοι.
1156 1691 1210 1728 Τὸ
1229 1691 1269 1728 δὲ
1290 1695 1439 1741 σύμπαν
1459 1691 1612 1737 αἱρεθεὶς

161 1753 285 1801 κράτος
306 1752 385 1803 εἶχε
406 1761 468 1789 τοῦ
488 1756 653 1803 πολέμου
678 1753 976 1802 Ουεργει’τόριξ,4
1008 1752 1049 1791 οὗ
1083 1754 1148 1792 τὸν
1178 1758 1321 1804 πατέρα
1348 1753 1532 1798 Γαλάται,
1553 1769 1611 1790 τυψ

161 1814 317 1865 ραννίδα
336 1815 512 1854 δοκοῦντα
532 1817 719 1867 πράττειν,
739 1819 975 1854 ἀπέκτειναν.

817 1910 963 1942 NOTAE

204 1987 225 2016 6
247 1983 440 2026 Βάλλοντας]
463 1987 543 2017 Duo
569 1985 680 2017 Codd.
704 1984 863 2025 προσβάλ·

163 2039 296 2073 λοντας;
320 2035 410 2075 quod
437 2034 578 2075 praefero
604 2040 747 2076 propter
773 2037 861 2067 Caes.

165 2093 200 2115 v.
216 2087 269 2115 51.
286 2085 296 2101 ⁴
315 2085 361 2115 sic
383 2090 516 2115 nostros
539 2089 807 2124 contemserunt,
824 2094 862 2116 ut

166 2134 266 2166 —alii
283 2135 405 2165 vallum
428 2145 527 2166 manu
543 2136 710 2177 scindere,
726 2137 780 2167 alii
795 2136 862 2168 fos·

166 2195 220 2216 sas
261 2184 434 2224 complere
477 2185 693 2225 inciperent!
751 2187 863 2227 Igitur

166 2234 385 2276 προσέβαλλον
398 2236 442 2273 ’τῷ
456 2234 582 2275 χάρακι.

214 2338 230 2366 l
269 2335 432 2375 Ἐνταῦθα]
475 2335 657 2376 Praecipne
694 2336 727 2366 in
755 2336 865 2367 Gana

169 2385 321 2425 Belgica.
359 2386 415 2416 De
431 2386 572 2416 Caesaris
589 2386 622 2416 in
637 2387 748 2418 Gallia
763 2387 865 2418 rebus

171 2434 274 2475 gestis
288 2434 322 2464 in
339 2444 459 2465 aunum
475 2438 528 2465 53.
545 2445 576 2466 a.
591 2436 669 2466 Chr.
687 2436 865 2467 incidenti-

172 2483 234 2515 bus
249 2483 315 2515 vid.
333 2484 353 2515 1.
370 2493 420 2514 w.
437 2485 773 2516 Commentariorum.

214 2536 234 2565 2
258 2532 362 2573 Πόῤῥω
389 2532 421 2564 δὲ
445 2532 577 2573 τούτων]
601 2534 642 2564 In
665 2535 777 2565 Gallia
793 2544 867 2575 pro-

171 2583 257 2625 pria.
304 2584 471 2616 Carnutes
484 2587 518 2614 et
534 2582 679 2614 Arverni
695 2584 869 2625 praecipue

915 1984 1126 2025 intelligendi
1146 1989 1235 2016 sunt.

960 2038 978 2066 3
1002 2035 1130 2076 Δρυμοὶ]
1153 2034 1208 2066 Cf.
1235 2035 1350 2066 Caesar
1373 2035 1414 2065 de
1431 2035 1472 2065 B.
1491 2034 1533 2065 G.
1549 2042 1615 2064 vu.

915 2089 946 2117 S.
963 2083 1058 2124 πάγοι
1079 2095 1139 2124 pro
1163 2083 1274 2124 πάγοις
1300 2090 1336 2116 et
1356 2084 1488 2124 ἀσάφεια
1509 2084 1616 2120 πολλὴ

916 2145 976 2175 pro
1008 2134 1142 2175 ἀσαφείᾳ
1165 2137 1270 2176 πολλῇ
1298 2135 1421 2166 Reiske
1449 2134 1545 2165 dedit
1573 2143 1615 2164 ex

916 2185 1121 2226 conjecturis
1139 2185 1251 2216 Solani
1268 2190 1303 2216 et
1319 2185 1458 2225 Bryani.

959 2239 979 2267 4
1002 2234 1234 2276 Οὐεργεντόριξ]
1250 2234 1527 2275 Vercingetorix,
1543 2233 1618 2265 Cel·

918 2286 992 2316 telli
1019 2285 1119 2323 filius,
1136 2285 1323 2324 Arvernus,
1342 2294 1478 2315 summae
1501 2288 1615 2324 poten-

918 2335 975 2366 tiae
997 2335 1204 2374 adolescens,
1218 2335 1313 2376 cujus
1332 2339 1431 2375 pater
1447 2333 1618 2374 principa-

919 2390 991 2416 tum
1007 2386 1130 2416 Galliae
1155 2385 1260 2416 totius
1286 2384 1494 2422 obtinuerat,
1519 2389 1554 2414 et
1575 2382 1617 2412 ob

920 2445 993 2466 eam
1022 2445 1169 2474 causam,
1197 2435 1287 2476 quod
1314 2443 1452 2474 regnum
1481 2437 1619 2473 appete-

920 2485 992 2524 bat,
1002 2485 1043 2515 ab
1060 2485 1197 2516 civitate
1213 2490 1289 2516 erat
1305 2483 1521 2515 interfectus.
1546 2482 1618 2514 Cae-

923 2544 976 2565 sar
993 2544 1057 2567 vu.
1072 2539 1103 2567 4.
