1872 3104
620 195 662 226 c.
692 192 823 223 subu
857 192 1090 222 cAESAnis.
1452 184 1566 225 ‘205⁷

175 294 324 332 decimo
356 291 489 342 quinto
519 296 557 327 et
590 295 698 326 sexto
726 288 868 326 saeculo
894 288 1180 337 impressorum,
1216 291 1493 338 recognovisse,
1528 299 1567 329 et

173 356 446 407 exemplarium
486 353 882 403 praestantissimorum
920 351 1033 388 fidem
1070 360 1244 389 secutum
1279 366 1360 389 esse
1392 360 1564 391 testatur.

173 420 248 457 Sed
270 420 300 458 si
320 417 640 466 Oudentlorpium
662 417 877 459 audiamus,
905 417 968 453 Jo.
993 417 1178 452 Rossetus
1201 415 1236 452 in
1258 429 1387 452 eorum
1412 416 1482 453 fuit
1502 429 1569 453 nu-

173 496 288 526 mero,
322 482 386 530 qui
409 481 465 517 vel
497 480 714 529 depravatis
745 486 811 516 aut
841 479 1059 528 vulgaribus
1080 479 1284 516 codicibus
1319 479 1479 525 addicti,
1510 480 1568 517 vel

172 545 278 582 nimis
308 545 460 594 ingenio
494 544 746 591 indulgentes,
778 550 844 580 aut
878 557 996 580 meras
1016 543 1174 580 alioruin
1198 543 1442 591 conjecturas
1475 544 1570 581 reci-

170 608 313 658 pientes
332 608 554 645 halluciuati
574 615 674 652 sunt,
693 614 728 644 et
750 608 846 643 alter
866 607 975 643 alteri
990 607 1248 651 adversantes,
1271 607 1451 645 lectorem
1470 621 1569 646 verae

169 671 366 721 scripturae
388 671 686 708 incertissimum
709 670 974 708 reddiderunt.
1011 670 1126 706 Plura
1141 670 1282 718 dc,ha‹:
1303 671 1471 708 editione
1492 671 1568 708 vid.

170 747 232 784 ap.
256 735 500 786 Freytagium
524 735 558 771 in
582 734 757 772 Analect.
781 734 893 771 litter.
915 734 964 770 de
985 734 1088 771 libris
1108 734 1314 771 rarioribus
1335 748 1373 783 p.
1401 741 1486 778 177.
1510 748 1569 784 sq.

118 820 169 826 ——
197 799 379 836 Venetiis.
415 805 450 837 8.
494 799 539 836 C.
569 799 658 836 Julii
680 798 841 836 Caesaris
875 798 1048 835 debello
1082 798 1233 836 Gallico
1267 798 1351 834 libri
1375 808 1460 835 lix.
1494 801 1569 835 &a

171 862 354 912 Ejusdem
392 864 620 911 Fragmenta
651 876 671 900 a
704 862 836 900 Fulvio
869 862 1007 899 Ursino
1040 862 1220 899 collecta.
1287 862 1453 898 Nomina
1490 869 1571 898 tum

171 933 312 970 vetera,
349 936 427 964 tum
463 927 629 964 recentia
659 927 876 976 explanata,
916 926 1031 963 variae
1065 925 1260 970 lectiones,
1300 925 1447 962 scholia
1482 925 1573 962 Aldi

174 990 353 1033 Manutii,
376 991 497 1028 Paulli
528 992 568 1028 F.
601 990 691 1027 Aldi
723 991 773 1027 N.
809 990 977 1027 venetiis
1011 989 1048 1026 iu
1082 989 1231 1027 aedibus
1271 989 1574 1027 Manutianis.--

173 1052 315 1089 Aldum
335 1066 401 1089 sua
430 1053 465 1089 in
500 1055 691 1091 Caesarem
713 1066 885 1103 magnam
921 1059 1068 1103 partem
1090 1067 1112 1090 a
1142 1054 1204 1091 Jo.
1227 1053 1454 1091 Rhellicano
1474 1052 1573 1090 clam

172 1122 389 1153 mutuatum
411 1130 504 1161 esse,
535 1124 696 1154 annotat
717 1118 893 1154 Brantius
913 1118 960 1154 ad
982 1119 1172 1155 Caesarem
1205 1131 1244 1167 p.
1269 1123 1358 1156 854.
1385 1117 1446 1154 ed.
1479 1117 1574 1155 Jun-

170 1192 287 1228 germ.
344 1180 489 1217 Multas
511 1188 638 1218 tamen
661 1181 926 1231 inscriptiones
948 1190 1093 1220 veteres
1113 1181 1320 1219 immiscuit
1340 1181 1453 1218 notis.

117 1264 169 1269 ——
201 1243 374 1280 Basileae.
408 1251 443 1282 8.
476 1259 562 1282 cum
584 1245 683 1283 notis
705 1246 903 1283 Glareani.

125 1311 222 1349 1573
254 1307 443 1357 Lugduni.
479 1315 539 1347 12.
571 1322 635 1359 ap.
665 1311 757 1347 Ant.
779 1310 828 1347 de
850 1310 987 1359 Harsy.

123 1374 227 1411 1574-
254 1371 445 1419 Lugduni.
476 1372 545 1409 fol.
575 1374 620 1410 C.
642 1373 732 1410 Julii
752 1374 917 1410 Caesaris
944 1373 1222 1410 commentarii
1251 1372 1299 1410 de
1331 1373 1375 1410 B.
1406 1373 1460 1410 G.
1491 1382 1573 1408 VII.

171 1433 259 1469 Auli
279 1435 394 1471 Hirtii
412 1435 458 1471 de
478 1436 615 1472 eodem
635 1443 807 1481 octavus,
828 1440 904 1474 ἃς.
927 1449 1015 1473 cum
1036 1436 1190 1473 scholiis
1213 1435 1449 1474 Hotomanni
1468 1435 1574 1479 Jcti.‚

175 1496 282 1533 Fulv.
308 1498 432 1536 Ursini
453 1499 633 1544 Romani,
669 1499 761 1536 Aldi
780 1499 960 1536 Manutii.
1005 1499 1184 1548 Lugduni
1201 1499 1305 1549 apud
1327 1499 1459 1536 Barth.
1483 1498 1576 1535 Vin-

173 1562 446 1600 cent.—Notae
468 1562 705 1600 Hotomanni
738 1562 983 1612 potissimum
1003 1562 1051 1599 ad
1083 1562 1435 1612 interpretationem
1456 1574 1578 1612 gram·

174 1624 354 1662 maticam
374 1632 491 1675 atque
512 1626 733 1663 historicam
756 1627 961 1676 pertinent.

123 1706 174 1713 —
206 1687 347 1725 Eadem
369 1689 463 1727 ibid.
485 1703 615 1727 recusa
635 1690 671 1726 in
694 1696 730 1728 S.

121 1771 171 1776 --
201 1751 394 1801 Lugduni.
426 1759 462 1792 8.
492 1754 538 1791 C.
556 1753 646 1791 Julii
667 1753 826 1791 Caesaris
844 1752 1216 1790 Commentariorum
1234 1751 1283 1789 de
1301 1751 1402 1789 bello
1423 1751 1576 1788 Gallico

174 1813 258 1851 libri
279 1826 360 1853 v11.
381 1822 419 1853 et
443 1817 541 1853 civili
562 1817 648 1854 libri
672 1827 741 1854 111.
788 1817 904 1854 Nunc
926 1816 1089 1866 primum
1111 1815 1222 1852 variis
1253 1815 1288 1852 in
1317 1815 1484 1865 margine
1504 1815 1578 1851 lec-

175 1877 341 1915 tionibus
362 1878 550 1924 illustrati,
586 1886 665 1917 tum
695 1893 784 1917 vero
817 1879 976 1917 doctiss.
1013 1885 1160 1916 annott.
1195 1886 1234 1916 et
1266 1878 1416 1927 aliquot
1448 1877 1578 1916 Ursini

174 1941 504 1980 emendationibus
538 1944 777 1993 locupletati.
834 1943 1021 1991 Ejusdem
1043 1943 1240 1987 librorum,
1277 1942 1343 1991 qui
1363 1941 1580 1979 desideran-

176 2009 249 2049 tur,
271 2004 497 2055 fragmenta.
529 2007 704 2056 Lugduni
725 2006 827 2056 apud
851 2006 958 2043 Guil.
981 2005 1202 2043 Rouillium.
1239 2006 1283 2042 In
1305 2004 1380 2043 fine
1399 2006 1576 2043 emenda-

177 2066 297 2104 tiones
317 2069 435 2107 habet
454 2084 474 2107 e
496 2070 585 2107 cod.
608 2071 852 2115 Carrariensi,
884 2070 995 2108 editt.
1018 2069 1183 2120 Gryphii
1203 2069 1468 2119 Lugdunensi,
1492 2068 1578 2106 Flo-

177 2130 335 2175 reatina,
371 2133 571 2170 Parisiensi
602 2134 704 2171 Rob.
740 2134 927 2183 Stephani
957 2140 995 2170 et
1026 2133 1107 2170 aliis
1137 2133 1256 2170 libris.
1316 2133 1380 2172 Cf.
1415 2131 1579 2170 Harlesii

177 2193 376 2242 Supplem.
396 2196 445 2233 ad
467 2196 570 2233 brev.
590 2204 670 2234 not.
692 2197 789 2235 liter.
821 2199 934 2235 Rom.
954 2199 997 2236 Ρ.
1021 2209 1051 2235 1.
1074 2211 1113 2247 p.
1137 2202 1227 2239 273.

124 2279 175 2284 —
203 2259 450 2308 Antwerpiae.
481 2265 542 2299 12.
571 2275 618 2298 ex
639 2261 740 2299 offic.
760 2262 1014 2306 Plautiuiaua,
1036 2275 1125 2299 cum
1147 2261 1245 2298 notis
1266 2267 1305 2298 et
1324 2260 1580 2310 castigationi-

180 2320 251 2357 bus
270 2322 453 2368 Jucundi,
476 2324 595 2369 Bruti,
618 2326 797 2370 Manutii,
821 2326 961 2371 Ursini,
982 2332 1019 2362 et
1038 2325 1233 2375 spicilegio
1249 2325 1310 2363 Jo.
1334 2325 1533 2363 Sambuci.

125 2405 175 2410 —
204 2384 366 2422 Parisiis.
402 2385 460 2424 16.
490 2400 536 2424 ex
558 2387 659 2425 offic.
683 2389 730 2426 R.
762 2389 952 2426 Granion.
989 2388 1096 2426 novis
1115 2388 1266 2427 emend.
1295 2387 1472 2425 illustrati
1493 2399 1579 2424 cum

179 2445 315 2497 fragm.
336 2462 356 2485 e
378 2449 471 2486 bibl.
496 2451 603 2488 Fulv.
625 2453 768 2490 Ursini.

130 2513 228 2551 1575
260 2511 444 2549 venetiis.
477 2518 514 2551 8.
544 2514 590 2551 C.
611 2515 702 2553 Julii
723 2515 883 2553 Caesaris
912 2514 1187 2553 Commentarii
1203 2515 1254 2552 ab
1267 2514 1369 2552 Aldo
1386 2512 1578 2557 Manufio,

177 2572 298 2610 Paulli
320 2575 362 2612 F.
384 2575 476 2612 Aldi
507 2576 560 2613 N.
593 2577 784 2615 emendati
805 2585 842 2615 et
863 2578 1013 2616 scholiis
1033 2578 1225 2615 illustrati.
1269 2577 1452 2621 Venetus,
1473 2576 1578 2626 apud

180 2636 339 2675 Aldum.

128 2721 179 2728 -
209 2701 447 2740 Francofurti
467 2702 516 2740 ad
539 2704 596 2741 M.
618 2702 686 2742 fol.
708 2717 744 2742 c.
766 2702 857 2754 figg.
880 2704 926 2742 C.
945 2703 1035 2742 Julii
1056 2702 1219 2741 Caesaris
1240 2715 1368 2741 rerum
1387 2708 1579 2753 gestarum
