1872 3104
607 193 644 219 υ.
679 191 714 219 J.
749 187 965 217 (siturus
1003 188 1133 217 vi'rA.
1488 180 1598 220 1075

144 302 212 332 γεν
243 287 407 321 ἅπαντας
439 286 486 319 εἰς
515 283 554 319 τὸ
591 280 851 329 στρατόπεδον.
923 280 1210 328 Πυνθανόμενος
1243 277 1281 315 δὲ
1316 284 1497 331 χρησμῷ5
1531 299 1600 318 τινι

143 352 289 399 παλαιῷ
311 348 457 395 θαρρεῖν
478 345 554 382 τους
577 347 786 394 πολεμίους,
807 347 850 381 ὡς
878 350 1060 392 προσῆκον
1091 346 1149 380 ἀεὶ
1179 347 1228 394 τῷ
1259 343 1461 380 Σκιπίωνος
1497 349 1600 391 γένει

143 418 286 459 κριιτεῖν
306 413 346 447 ἐν
367 409 509 462 Λιβύῃ,
545 409 718 460 χαλεπὸν
747 411 867 445 εἰπεῖν
888 410 953 445 εἴτ’
988 406 1273 459 ε’·κφλαυρίὲωνῦ
1308 407 1348 444 ἐν
1369 406 1502 455 παιδιᾷ
1533 423 1603 443 τινι

144 476 207 513 τὸν
228 474 412 511 Σκιπίωνα
436 477 715 521 στρατηγοῦντα
732 479 805 509 τῶν
824 474 1028 521 πολεμίων,
1048 471 1123 508 ε’ίτε
1144 472 1203 507 καὶ
1223 469 1366 521 σπουδῇ
1386 470 1449 508 τὸν
1471 471 1602 507 οἰωνὸν

146 541 403 587 οἲκειούμενος,
426 535 486 584 (ἦν
507 539 579 585 γὰρ
599 539 681 585 παρ’
714 538 811 588 αὐτῷ
843 551 894 573 τις
928 536 1130 583 ἄνθρωπος,
1151 536 1275 572 ἄλλως
1294 535 1364 585 μὲν
1384 535 1606 584 εὐκαταφρό-

148 617 253 646 νητος
276 603 334 638 καὶ
355 603 673 649 παρημελημένος,
694 601 809 637 οἰκίας
829 597 870 636 δὲ
901 605 960 642 τῆς
991 598 1239 650 Ἀφρικανῶν,
1260 597 1420 635 Σκιπίων
1440 599 1606 634 ἐκαλεῖτο

143 663 395 701 Σαλλουτίων·
412 667 443 709 ⁷)
472 669 600 702 τοῦτον
635 665 675 701 έν
701 669 780 702 ταῖς
799 664 939 714 μάχαις
959 668 1194 712 προέταττεν,
1217 666 1338 711 ὥσπερ
1357 664 1525 711 ἡγεμόνα
1547 668 1606 705 τῆς

146 734 328 773 στρατιᾶς,
352 730 664 778 ἀναγκαὲόμενος
684 731 861 765 πολλάκις
882 727 1101 773 ἐξάπτεσθαι
1120 735 1192 765 τῶν
1211 729 1401 775 πολεμίων
1421 727 1480 762 καὶ
1498 728 1603 775 φιλο·

144 797 296 842 μαχεῖν.
343 789 422 828 ''Hv
453 795 524 840 γὰρ
552 791 634 828 οὔτε
666 798 763 829 σῖτος
795 796 868 829 τοῖς
899 790 1080 841 ἀνδράσιν
1100 793 1267 841 ἄφθονος,
1289 790 1371 826 οὔτε
1390 790 1608 834 {moin-(locs

144 857 260 906 χιλὸς,
297 858 399 893 ἀλλὰ
419 855 544 904 βρύοις
565 856 828 904 ἠναγκὰἓοντο
848 857 1070 898 θαλαττίοις,
1093 855 1393 898 ἀποπλυνθείσης
1412 862 1473 898 τῆς
1492 855 1609 903 ἁλμυ-

144 917 254 965 ρίδος,
289 920 424 967 ὀλίγην
460 922 657 970 ἄγρωστιν,
681 922 803 968 ὥσπερ
834 917 980 967 ἥδυσμα
1013 917 1324 967 παραμιγνύντες,
1352 917 1509 964 ἐπάγειν
1538 922 1610 953 τοῖς

146 983 285 1021 ἵπποις.
338 984 388 1020 ()ι’
423 986 495 1033 γὰρ
529 981 702 1034 Νομάδες
723 984 1002 1034 ἐπιφαινόμενοι
1031 983 1165 1019 πολλοὶ
1196 983 1255 1018 καὶ
1288 986 1416 1032 ταχεῖς
1436 981 1609 1018 ἑκάστοτε

148 1052 322 1097 κατεῖχον
341 1050 408 1093 τὴν
427 1049 567 1097 χώραν.
624 1045 704 1083 Καί
734 1062 824 1084 ποτε
853 1053 926 1084 τῶν
953 1045 1142 1095 Καίσαρος
1173 1045 1314 1082 ἱππέων
1335 1047 1481 1096 σχολὴν
1499 1046 1611 1091 ἀγόν-

147 1126 232 1154 των,
269 1112 398 1162 (ἔτυχε
434 1112 506 1159 γὰρ
540 1112 663 1147 αὐτοῖς
695 1111 789 1158 ἀνὴρ
807 1108 933 1157 Λίβυς
967 1108 1259 1160 ἐπιδεικνύμενος
1279 1109 1435 1161 ὄρχησιν
1455 1111 1533 1159 ἅμα
1554 1111 1611 1146 καὶ

147 1177 346 1224 μοναυλῶν
380 1174 565 1224 θαύματος
594 1175 730 1221 discus)
763 1174 797 1211 οἱ
831 1174 901 1223 μὲν
929 1175 1148 1224 τερπόμενοι
1179 1174 1369 1220 ε’κάθηντο,
1404 1179 1478 1211 τοῖς
1506 1176 1613 1210 παισὶ

149 1239 229 1275 τοὺς
260 1240 391 1275 ἵππους
425 1238 700 1286 ἐπιτρέψαντες,
723 1239 893 1289 ἐξαίφνης
924 1236 965 1275 δὲ
997 1239 1253 1288 περιελθόντες
1286 1236 1544 1287 ἐμβάλλουσιν
1578 1239 1610 1274 οἱ

150 1304 336 1349 πολέμιοι,
360 1303 418 1337 καὶ
438 1301 518 1338 τοὺς
537 1300 607 1351 μὲν
627 1303 747 1338 αὐτῶν
767 1305 959 1347 κτείνουσι,
983 1307 1058 1338 τοῖς
1077 1300 1108 1339 δ’
1128 1304 1179 1339 εἰς
1198 1301 1238 1340 τὸ
1261 1300 1509 1351 στρατόπεδον
1528 1317 1612 1348 προ-

150 1363 337 1410 τροπάδην
357 1366 617 1414 ἐλαυνομένοις
639 1369 920 1403 συνεισέπεσον.
974 1365 1019 1403 Εἰ
1051 1363 1092 1402 δὲ
1124 1369 1173 1415 μὴ
1208 1365 1359 1415 Καῖσαρ
1391 1366 1508 1410 αὐτὸς,
1531 1367 1611 1416 ἄμα

147 1425 191 1465 δὲ
211 1430 270 1464 καὶ
285 1428 298 1449 3
326 1428 492 1478 Καίσαρι
512 1427 693 1466 Πολλίων
710 1430 913 1475 Ἀσίννιος,
932 1429 1154 1478 βοηθοῦντες
1174 1430 1213 1467 ἐκ
1231 1434 1293 1468 τοῦ
1313 1433 1474 1481 χάρακος
1493 1431 1609 1481 ἔσχον

152 1495 219 1538 τὴν
250 1494 382 1542 φυγὴν,
417 1491 648 1542 διεπέπρακτ’
677 1493 726 1531 ἂν
761 1495 779 1530 ὁ
809 1496 984 1544 πόλεμος·
1017 1495 1095 1532 ἔστι
1126 1493 1156 1531 δ’
1195 1493 1256 1532 ὅτε
1286 1496 1346 1530 καὶ
1377 1495 1454 1531 καθ’
1484 1494 1614 1542 ἑτέραν

149 1556 280 1606 μάχην
299 1558 597 1603 ἐπλεονέκτησαν
613 1557 647 1595 οἱ
667 1561 854 1609 πολέμιοι,
876 1562 1084 1608 συμπλοκῆς
1104 1562 1321 1608 γενομένης,
1342 1558 1383 1594 έν
1412 1554 1435 1611 ᾗ
1465 1557 1613 1606 Καῖσαρ

152 1619 218 1657 τὸν
237 1622 435 1670 ἀετοφόρον
454 1620 641 1670 φεύγοντα
662 1625 818 1671 λέγεται
845 1626 1045 1674 κατασχὼν
1077 1624 1117 1661 έκ
1149 1631 1212 1660 τοῦ
1245 1624 1416 1674 αὐχένος,
1439 1623 1617 1670 ἀναστρε-

154 1683 256 1731 ψαι,9
277 1685 335 1720 καὶ
354 1687 486 1721 εἰπεῖν·
517 1685 698 1723 Ἐνταῦθα
719 1688 814 1723 εἰσὶν
834 1686 868 1724 οἱ
888 1690 1074 1738 πολέμιοι.

817 1812 958 1844 NOTAE

198 1889 216 1915 5
241 1887 388 1927 Χρησμῷ]
413 1886 535 1927 Ἀλόγῳ
549 1888 609 1918 τινὶ
624 1887 739 1926 πίστει,
756 1888 837 1919 Dio.

199 1939 219 1968 6
245 1937 320 1968 Non
343 1938 444 1969 video
469 1948 618 1977 causam,
644 1948 706 1969 cur
733 1938 859 1970 Reiske

155 1993 217 2027 pro
235 1989 371 2029 vulgata
396 1988 457 2019 εἴτε
481 1987 659 2029 φλαυρίζων
683 1988 861 2028 scripserit

157 2037 212 2068 εἴτ’
231 2038 452 2080 ἐκφλαυρίζων.
497 2041 688 2081 Utrumque
704 2039 790 2069 enirn
809 2048 860 2071 eo-

159 2087 236 2119 dem
263 2089 364 2119 redit.
412 2090 519 2120 Recte
549 2089 779 2128 monet,hnnc
805 2099 862 2121 no-

159 2139 355 2170 minativum
382 2149 457 2171 cnm
483 2141 591 2171 altero
619 2139 820 2179 οἰκειούμενος
843 2151 863 2172 a

911 1888 975 1919 hoc
991 1887 1126 1918 nomine
1142 1885 1260 1916 videas
1276 1895 1330 1926 ap.
1354 1885 1560 1926 interpretes
1578 1887 1618 1918 ad

911 1938 1005 1969 Suet.
1024 1938 1111 1969 Coes.
1126 1939 1178 1967 56.

956 1993 976 2021 8
991 1988 1077 2028 Ἅμα
1090 1988 1122 2020 δὲ
1138 1988 1204 2030 καὶ]
1248 1987 1308 2019 Καὶ
1324 1988 1458 2020 addidit
1475 1989 1620 2030 Reiske,

915 2041 1005 2082 quod
1032 2040 1113 2071 mibi
1139 2039 1314 2070 abundare
1339 2038 1486 2071 videtur.
1532 2039 1621 2072 Rec-

917 2091 982 2122 tius
999 2090 1098 2130 vidit,
1112 2090 1223 2131 potius
1251 2089 1433 2129 legendum
1459 2099 1531 2121 esse
1559 2089 1622 2129 ἅμα

916 2139 949 2171 δὲ
965 2139 1096 2180 Καίσαρι
1111 2139 1161 2171 καὶ
1173 2138 1327 2171 Πολλίων.

161 2189 263 2219 verbo
279 2187 469 2229 προέταττεν
481 2189 563 2229 regi.

203 2242 222 2270 7
247 2242 301 2271 Σκ.
318 2239 406 2270 ἐκαλ.
424 2240 540 2281 Σαλλ.]
562 2240 665 2271 Forte
682 2242 734 2272 Σκ.
751 2240 778 2270 δ’
795 2240 863 2271 ἐπε-

161 2291 300 2329 καλεῖτο,
315 2296 373 2320 aut
388 2289 421 2320 ὃς
437 2293 489 2321 Σκ.
507 2290 698 2321 ἐπεκαλεῖτο.
740 2291 864 2323 Reiske.

160 2339 358 2372 Sallutionis
394 2351 557 2381 agnomen
591 2351 611 2372 a
643 2342 863 2373 similitudine

161 2401 238 2423 cum
255 2392 368 2432 mimo,
383 2393 513 2422 cuidam
536 2402 578 2423 ex
604 2401 645 2424 ea
670 2393 864 2433 Scipionum

162 2441 290 2473 familia
331 2447 492 2482 cesserat,
530 2453 604 2484 qua*
639 2444 863 2484 Serapionum

162 2502 328 2533 agnomen
342 2493 503 2532 habebat,
516 2498 656 2525 auctore
672 2494 785 2525 Plinio
797 2503 863 2525 vu.

164 2544 216 2574 12.
247 2548 359 2573 utrum
397 2553 478 2574 vero
508 2543 585 2574 huic
614 2544 776 2585 Scipioni,
808 2545 866 2585 qui

164 2592 334 2624 Caesarem
352 2597 487 2624 secutus
502 2597 589 2632 erat,
601 2603 642 2624 an
654 2594 744 2635 patri
759 2601 865 2624 avove

161 2643 248 2683 ejus,
277 2642 357 2674 mihi
387 2652 453 2674 non
484 2648 628 2675 constat.
683 2642 796 2674 Multa
823 2642 864 2673 de

1383 2140 1438 2171 De
1454 2140 1517 2172 hoc
1535 2141 1623 2181 peri-

916 2192 1005 2230 culo,
1033 2201 1224 2233 quanquam
1253 2191 1293 2222 de
1319 2190 1472 2231 pluribus
1500 2192 1647 2232 pugni&

918 2242 1133 2283 equestribus
1155 2242 1378 2282 scripserunt,
1404 2251 1469 2272 nec
1496 2241 1626 2282 Appia-

918 2301 991 2330 nus,
1015 2299 1079 2322 nec
1099 2291 1187 2329 Dio,
1213 2300 1275 2321 nec
1303 2290 1438 2321 Hirtius
1454 2291 1525 2322 sive
1553 2291 1608 2332 qni

918 2351 1062 2382 cumque
1091 2341 1216 2372 librum
1253 2340 1297 2371 de
1335 2340 1423 2371 beno
1458 2339 1623 2372 Africano

917 2392 1063 2432 scripsit,
1077 2391 1284 2422 mentionem
1300 2389 1468 2421 fecerunt.

961 2444 981 2472 9
1000 2439 1221 2482 Ἀναστρέψαι]
1264 2441 1404 2470 Factum
1420 2439 1484 2470 hoc
1512 2443 1565 2469 est
1590 2439 1622 2470 iu

919 2492 1037 2532 praelio
1065 2501 1142 2522 curn
1169 2490 1333 2528 Labieno,
1349 2489 1390 2520 de
1418 2499 1484 2530 quo
1506 2489 1621 2520 videas

919 2540 1011 2582 App.
1028 2551 1067 2573 11.
1082 2544 1133 2573 95.
1161 2541 1219 2571 lib.
1245 2540 1288 2571 de
1314 2541 1355 2571 B.
1383 2538 1487 2571 Afric.
1515 2550 1546 2572 c.
1572 2543 1623 2573 13.

920 2601 1016 2632 seqq.
