1872 3104
263 169 378 211 2066
728 178 981 210 nncssnsus
1016 179 1297 210 Eni'rmNUM

269 286 368 322 1740
397 279 559 317 Giessae.
593 286 628 315 8.
657 292 745 316 cum
766 279 864 325 notis
884 292 1000 327 germ.
1026 279 1108 314 Em.
1130 277 1291 315 Sinceri.

263 363 316 370 —-
342 343 520 394 Lugduni
552 345 635 380 Bat.
665 350 701 380 8.
747 343 939 393 Repetitio
975 341 1314 391 Oudendorpianae
1347 339 1536 384 editionis,
1568 340 1716 378 omissis

316 408 708 446 animadversionibus
736 421 781 444 ex
804 413 929 444 vetere
950 420 1019 443 suo
1046 412 1233 456 apparatu
1254 405 1379 442 denuo
1401 403 1607 453 custigatae,
1629 417 1714 454 quae

318 485 406 509 vero
425 486 446 509 a
466 473 590 520 priore
608 471 705 508 hund
730 471 890 508 multum
912 470 1051 507 differt.

270 541 363 576 1741
398 534 641 581 Rotliomagi.
673 540 709 570 ὃ.
741 548 786 570 ex
808 547 885 570 rec.
906 533 1106 582 scaligeri.

271 603 367 640 1742
397 596 574 633 Londini.
607 603 642 632 S.
674 596 763 643 maj.
785 598 831 633 C.
852 596 941 632 Julii
963 596 1126 633 Caesaris
1148 595 1195 632 (le
1230 594 1330 632 bello
1360 595 1517 631 Gallico
1537 600 1574 631 et
1597 593 1718 638 Civili,

318 673 389 697 nec
411 672 486 696 non
510 661 554 696 A.
578 658 690 695 Hirtii
710 658 948 708 aliorumque
969 659 1016 695 de
1039 659 1147 695 bellis
1169 657 1442 701 Alexandrino,
1474 656 1656 694 Africano
1684 662 1722 693 et

319 723 574 773 Hispaniensi,
615 721 902 758 Commentarii.
962 722 1085 758 Notas
1121 728 1160 758 et
1192 720 1539 757 animadversiones
1574 719 1722 756 addidit

319 788 493 825 Thomas
523 784 726 822 Bentleius.
784 786 992 821 Accessere
1019 785 1249 833 conjecturae
1286 792 1324 821 et
1353 784 1641 822 emendationes
1660 783 1724 820 Ja-

316 850 405 888 cobi
425 850 562 888 Jurini.
587 848 761 893 Londiui,
785 847 978 885 sumtibus
1000 847 1106 885 (juil.
1129 849 1245 897 Innys
1263 854 1299 884 et
1322 847 1433 884 Rich.
1453 847 1613 897 Manby.

273 920 369 958 1713
401 914 523 952 Halae.
549 919 586 951 ὃ.

274 985 372 1021 1744
402 977 578 1015 Londini.
604 975 664 1013 16.
687 976 732 1013 C.
753 974 845 1013 Julii
865 974 1028 1012 Caesaris
1050 987 1136 1024 quae
1158 980 1303 1011 extant.
1323 971 1581 1020 (CumIndice
1597 984 1723 1010 rerum

319 1039 654 1083 memorabilium.)
692 1038 870 1082 Londini,
894 1039 996 1088 typis
1017 1038 1053 1075 J.
1080 1037 1275 1087 Brindley.
1300 1043 1321 1074 *2
1344 1037 1434 1074 voli.

272 1109 369 1147 1745
399 1104 570 1140 Viennae.
592 1110 627 1141 8.
651 1115 739 1140 cum
760 1102 860 1139 notis
881 1115 999 1151 germ.

268 1190 319 1195 —-
348 1166 524 1204 Londini.
545 1171 580 1203 S.
603 1167 667 1203 J0.
685 1164 860 1202 Goduini
879 1165 943 1202 ed.
965 1165 1000 1201 in
1024 1178 1130 1202 usum
1153 1165 1333 1214 Delphini
1352 1164 1526 1213 repetita.

275 1230 372 1273 1746
400 1229 696 1268 Amstelodami.
722 1234 781 1266 1¹2.
805 1227 909 1278 apud
935 1229 1119 1266 wetsten.

269 1317 320 1322 ——
351 1294 504 1344 Lipsiae.
541 1299 576 1331 ὃ.
614 1305 678 1341 ap.
713 1291 955 1329 weidmaun.
991 1305 1036 1328 ex
1071 1304 1150 1329 rec.
1183 1297 1220 1329 et
1253 1304 1340 1328 cum
1368 1291 1467 1328 notis
1501 1290 1724 1340 Clrristopli.

324 1357 488 1395 Cellurii.

277 1427 371 1464 1748
403 1419 582 1458 Berolini.
615 1423 649 1456 8.
690 1418 736 1454 C.
753 1417 842 1454 Julii
857 1417 1014 1454 Coesaris
1034 1417 1081 1455 de
1099 1417 1207 1455 bellis
1228 1418 1398 1462 Gallico,
1413 1421 1487 1455 &eu
1523 1418 1726 1457 Commen-

326 1483 423 1526 rarii,
445 1490 604 1519 curante
625 1483 688 1519 J0.
712 1481 815 1517 Petr.
839 1480 1005 1518 Millero.
1029 1481 1126 1518 Cum
1147 1482 1318 1518 versione
1340 1480 1491 1518 Gallica
1513 1481 1728 1518 Ablancur-

323 1549 376 1584 tii.
420 1546 595 1590 Berolini,
613 1559 677 1594 ap.
699 1544 835 1582 Ambr.
859 1544 1008 1581 Ilaude.
1027 1550 1048 1582 ‘2
1070 1545 1157 1582 voll.

269 1634 320 1639 ——
352 1609 630 1657 Heidelbergae.
671 1607 736 1644 sol.
774 1607 812 1643 in
847 1607 1003 1656 Scriptt.
1034 1607 1134 1644 Hist.
1171 1609 1281 1645 Rom.
1318 1608 1367 1644 ub
1400 1607 1578 1645 [laurisio
1600 1607 1726 1645 editis.

324 1675 438 1711 Tom.
462 1684 533 1710 111.

278 1744 374 1781 1749
405 1735 578 1773 Londini.
612 1741 670 1772 1⁴2.
701 1733 892 1783 Repetitio
912 1734 975 1771 ed.
997 1735 1122 1771 Mich.
1145 1735 1352 1772 Maittairii.

278 1807 374 1844 1750
404 1800 602 1849 Glasguae.
623 1798 691 1835 fol.
707 1799 751 1835 C.
772 1797 862 1835 Julii
885 1798 1044 1835 Caesaris
1065 1806 1102 1835 et
1121 1801 1168 1836 A.
1192 1799 1308 1836 Hirtii
1327 1798 1373 1836 de
1395 1799 1508 1836 rebus
1529 1812 1551 1836 a
1574 1799 1725 1838 Caesare

323 1864 438 1912 gestis
454 1862 741 1900 Commentarii.
776 1862 875 1899 Cum
893 1862 1141 1911 Fragmentis.
1180 1864 1435 1900 ,accesserunt
1453 1863 1605 1900 Indices
1626 1863 1727 1900 loco-

324 1942 421 1972 rum,
458 1940 662 1975 rerumque
696 1932 734 1962 et
768 1926 984 1962 verborum.
1031 1927 1173 1963 Omnia
1205 1940 1251 1963 ex
1286 1927 1505 1964 recensione
1539 1927 1725 1964 Samuelis

323 1991 464 2029 Clarke
495 1989 660 2027 fideliter
679 2001 866 2037 expressa.
903 1989 1094 2037 (ilasguae,
1118 1989 1154 2024 in
1175 1989 1322 2025 aedibus
1343 1988 1589 2032 academicis,
1610 2003 1724 2027 excu-

324 2055 469 2093 debant
512 2053 703 2091 Robertus
729 2058 767 2088 et
795 2051 967 2088 Andreas
992 2052 1526 2096 Foulis.——Venustissimum,
1549 2053 1727 2090 nitidissi-

323 2119 392 2155 mis
410 2117 528 2154 literis
550 2123 587 2152 et
609 2117 643 2152 in
666 2115 941 2152 candidissimis
963 2116 1102 2152 chartis
1130 2130 1175 2153 ex
1205 2116 1340 2163 majori
1371 2115 1514 2153 Clarkii
1543 2116 1725 2162 editione,

324 2183 403 2219 siue
423 2181 522 2218 notis
551 2188 692 2223 tamen,
713 2187 750 2216 et
780 2179 927 2228 absque
943 2180 1112 2228 capitum
1134 2187 1171 2216 et
1205 2180 1532 2229 paragrapliorum
1569 2180 1724 2218 distinc-

323 2247 437 2289 tione,
459 2244 605 2282 codicis
625 2243 870 2293 pulcherrimi
891 2242 1004 2280 instar
1025 2243 1260 2292 descriptum
1281 2244 1513 2293 exemplum.

269 2331 319 2339 ·--
354 2309 510 2352 Eadem,
532 2307 624 2343 ibid.
646 2313 682 2343 -1,

271 2396 323 2404 -
352 2372 508 2414 Eadem,
529 2370 621 2407 ibid.
660 2375 718 2407 12.
756 2374 778 2405 3
807 2369 896 2406 voll.

270 2460 323 2466 —-
353 2436 570 2483 Rotomagi.
601 2439 655 2471 lQ.
678 2446 740 2482 ap.
762 2433 847 2470 Nic.
873 2434 1099 2479 Lallemant,
1115 2449 1159 2472 ex
1182 2448 1256 2473 rec.
1279 2435 1472 2485 Scaligeri.

274 2504 369 2543 1751
405 2498 568 2534 (hessie.
592 2503 627 2533 8.
649 2510 736 2532 cuin
760 2496 855 2532 nolis
878 2510 995 2545 germ.
1027 2499 1189 2536 sinceri.

275 2567 373 2604 1753
406 2561 584 2598 Londini.
607 2568 640 2597 ὃ.
672 2573 759 2596 cuin
781 2561 1091 2599 annotatiouiluis
1110 2563 1210 2599 Sam.
1233 2562 1384 2599 Clarke.

276 2630 372 2667 1755
403 2625 557 2674 Lipsiae.
582 2631 616 2661 S.
638 2638 683 2661 ex
705 2637 780 2661 rec.
798 2630 937 2660 etcum
960 2626 1059 2662 notis
1080 2627 1301 2675 Christopli.
1322 2623 1486 2662 Cellarii.

270 2708 321 2717 -—
351 2687 512 2727 Parisiis.
537 2688 596 2727 10'.
617 2690 662 2727 C.
682 2688 771 2726 Julii
791 2687 954 2726 Caesaris
976 2689 1345 2728 Commentariorum
1366 2687 1414 2725 de
1432 2685 1532 2723 bello
1553 2686 1717 2731 Gallico,
