1872 3104
283 186 400 230 2016
758 197 959 228 Jossspm
991 198 1254 229 SCALicRm

283 291 430 334 lacum
449 293 714 333 constituunt
735 297 777 333 et
798 291 1148 333 Constantienses
1176 306 1273 333 esse
1299 292 1464 341 dicunt,
1485 305 1571 333 non
1592 293 1733 334 minus

284 359 520 413 desipiunt,
552 371 681 411 quam
703 360 776 411 qui
806 360 1110 399 monasterium
1140 360 1245 400 illud
1278 360 1653 400 Benedictinorum
1671 360 1734 400 in-

284 430 582 479 terpretuntur.

344 492 607 547 Nitiobriges.
654 491 714 532 Le
742 508 842 549 pays
879 501 915 534 et
952 492 1237 534 Senescleaucee
1270 493 1500 548 d’Agenvis.
1577 493 1737 534 Eorum

282 562 439 603 civitas
469 559 687 611 Aginnum
719 559 929 610 Ausonio,
967 561 1228 611 Ptolemaeo3
1272 561 1499 613 Agermum
1522 561 1736 613 Hierony-

284 641 372 677 mo,
412 626 625 678 Gregorio
660 626 914 676 Turonensi,
953 628 1064 669 aliis.
1133 629 1181 668 Si
1219 629 1284 668 vis
1322 628 1471 676 ridere,
1510 628 1601 679 lege
1640 639 1737 679 quae

284 695 494 736 hactenus
515 706 662 733 omnes
677 693 730 733 de
750 694 816 733 his
829 695 1072 743 delirarunt,
1087 708 1267 747 quomm
1290 696 1362 735 alii
1384 693 1626 747 Mempelier
1641 706 1739 732 esse

284 761 447 811 dicunt,
470 761 544 814 qui
577 761 702 800 locus
733 773 814 801 sex
836 761 1002 800 dierum
1024 763 1172 802 itinere
1194 762 1325 802 distat
1354 777 1380 802 a
1404 760 1737 812 Nitiobrigibus.

285 829 360 869 alii
384 826 651 882 Engoulesme
671 827 903 868 somniant.
943 826 1036 866 Alii
1052 827 1206 880 jubent
1226 840 1304 879 pro
1331 827 1498 879 Aginno
1514 826 1737 878 legendum

286 908 383 936 esse
404 895 653 950 AgesiuateS.
701 894 757 935 Et
778 907 864 947 quo
886 907 972 934 non
993 895 1207 947 processit
1227 893 1372 933 audax
1393 893 1595 933 inscitia?

345 960 565 1004 Namnetes.
609 959 778 1002 Nautes.
817 961 932 1002 Vide
953 962 996 1001 in
1016 960 1237 1001 Tribunali
1258 959 1526 1000 Aremorico.

345 1027 506 1069 Nervii.
548 1028 927 1079 Quemadmodum
949 1032 1065 1069 certo
1082 1029 1206 1068 nobis
1224 1032 1393 1068 constat
1413 1040 1497 1066 non
1518 1039 1612 1066 esse
1631 1025 1742 1066 Tor-

285 1108 511 1145 nacenses,
533 1096 651 1149 quod
682 1096 812 1148 vulgo
848 1109 1103 1149 persuasum
1138 1100 1231 1146 est;
1271 1096 1334 1135 ita
1368 1095 1540 1146 quinam
1576 1094 1676 1143 siut,
1699 1097 1742 1133 et

286 1175 373 1216 quo
394 1163 566 1203 nomine
586 1162 715 1203 hodie
738 1162 1021 1216 appellentur,
1043 1163 1157 1202 haud
1179 1166 1335 1202 temere
1357 1161 1616 1201 affirmarim.

346 1226 633 1268 Noviodunum
656 1229 711 1269 ad
732 1229 941 1281 Ligerim.
979 1226 1140 1268 Nevers.
1168 1228 1482 1267 Noviodunum
1507 1226 1742 1267 Nivemen-

286 1295 413 1345 sium,
446 1301 493 1337 ut
527 1297 571 1337 in
593 1296 780 1348 quadam
811 1295 983 1335 Notitia
1005 1295 1333 1335 Provinciarum
1356 1292 1514 1333 Galliae
1545 1292 1744 1344 legimus,

285 1375 384 1415 quae
417 1375 549 1415 penes
570 1362 594 1402 J
602 1362 934 1402 urisconsultum
959 1360 1187 1414 Cujacium
1204 1373 1405 1412 magnum
1435 1365 1537 1400 erat.
1580 1359 1636 1399 Et
1648 1359 1741 1413 jam

284 1428 431 1469 multis
448 1430 708 1483 conjecturis
730 1429 856 1468 nobis
876 1429 1153 1481 exploratum
1174 1432 1296 1468 antea
1315 1430 1409 1467 erat
1430 1426 1740 1467 Noviodunum

285 1494 402 1535 istud
434 1495 570 1535 Eduis
603 1496 852 1548 proximum
887 1495 1103 1535 civitatem
1146 1494 1501 1534 Nivernensium:
1545 1495 1590 1534 in
1620 1494 1743 1547 cujus

285 1561 443 1613 oppidi
478 1562 803 1613 investigatione
833 1562 955 1601 multi
994 1561 1130 1601 multa
1165 1561 1314 1612 nugati
1347 1566 1460 1601 sunt„
1521 1559 1625 1600 Alia
1654 1560 1741 1600 duo

286 1626 455 1678 oppida
474 1627 555 1667 hoc
576 1628 746 1667 nomine
766 1632 973 1667 memorat
994 1625 1160 1675 Caesar,
1183 1627 1258 1667 sed
1281 1628 1407 1667 nobis
1428 1629 1586 1679 ignota.
1624 1626 1742 1666 Nam

285 1694 567 1744 nugatoribus
600 1695 844 1746 jurantibus
876 1707 959 1733 non
995 1693 1222 1733 eredimus.
1285 1693 1498 1742 Quartum
1537 1698 1745 1747 praeterea

285 1761 366 1807 est,
390 1759 505 1812 quod
538 1759 709 1800 Civitas
735 1760 1012 1813 Equestrium
1033 1760 1206 1810 dicitur,
1235 1764 1277 1801 et
1303 1774 1458 1801 nomen
1489 1762 1654 1810 retinet,
1685 1760 1742 1800 ad

287 1825 522 1866 Lemanum
541 1827 697 1868 lacum.
759 1828 930 1868 Dicitur
951 1829 1064 1868 enim
1088 1824 1213 1867 Nion.
1246 1827 1364 1868 Nam
1380 1828 1505 1879 longe
1529 1828 1742 1877 falluntur,

287 1893 362 1944 qui
384 1892 607 1933 Genevam
624 1894 898 1946 Equestrium
916 1894 1151 1935 Civitatem
1170 1907 1268 1935 esse
1293 1894 1486 1944 eredunt,
1504 1895 1606 1947 quia
1620 1907 1742 1946 qua:-

287 1958 388 1998 ‹lam
408 1963 535 1998 vetus
562 1960 788 2012 inscriptio
820 1960 1104 2009 Geni-vensis,
1138 1964 1186 2000 ut
1207 1961 1339 2010 aiunt,
1366 1961 1460 2014 ejus
1487 1960 1742 2000 mentionem

286 2023 445 2065 fecerit.
497 2024 599 2064 Hoc
621 2026 750 2065 modo
773 2032 878 2078 quot
897 2026 1146 2066 nominibus
1168 2026 1316 2068 Roma
1333 2027 1530 2068 vocanda
1546 2030 1677 2075 esset,
1699 2027 1742 2066 in

287 2104 377 2144 qua
395 2094 458 2131 tot
485 2099 757 2133 monumenta
787 2097 829 2132 et.
851 2105 961 2132 saxa
991 2092 1119 2133 hodie
1151 2098 1314 2143 extant,
1349 2108 1447 2147 quae
1478 2098 1541 2135 tot
1572 2094 1741 2134 urbium

286 2158 542 2198 mentionem
582 2158 772 2198 faciunt?
837 2159 1035 2212 Denique
1069 2159 1301 2199 Provincia
1342 2161 1658 2213 Sequanorum,
1697 2159 1742 2199 in

289 2236 376 2276 qua
411 2224 566 2265 civitas
600 2224 875 2278 Equestrium
904 2231 984 2274 est,
1020 2230 1087 2265 est
1120 2226 1163 2264 in
1189 2227 1361 2267 sinistra
1400 2227 1497 2279 ripa
1531 2227 1738 2267 Lemani:

288 2289 470 2331 Geneva
488 2292 529 2331 in
558 2291 724 2341 (lextra,
747 2293 789 2331 in
812 2292 1049 2332 Provincia
1070 2291 1318 2332 Viennensi.
1379 2292 1446 2341 Et,
1469 2292 1586 2345 quod
1611 2298 1741 2348 caput

287 2360 368 2406 est,
390 2357 701 2398 Noviodunum
732 2360 888 2399 civitas
919 2359 1180 2411 equestrium
1201 2360 1357 2399 dieitur
1383 2361 1426 2399 in
1450 2361 1742 2414 manuscripta

289 2421 622 2464 Provinciarum
642 2424 829 2466 Nomia:
854 2439 1114 2479 (ltuunquzun
1130 2428 1189 2466 ibi
1206 2429 1392 2479 positum
1410 2434 1477 2468 est
1492 2428 1737 2475 Neviduno,

289 2490 506 2542 quomodo
527 2492 571 2531 in
592 2492 755 2532 ultimis
776 2493 860 2533 illis
881 2494 1191 2534 obsolescentis
1209 2495 1461 2535 Latinitatis
1474 2493 1739 2547 temporibus

288 2557 433 2596 omnia
454 2557 497 2595 in
518 2559 641 2612 pejus
670 2572 721 2599 ae
745 2565 853 2601 retro
878 2560 1132 2610 serebantur,
1166 2565 1209 2602 et
1234 2566 1281 2602 ut
1308 2563 1490 2616 imperii,
1514 2562 1573 2600 ita
1595 2559 1736 2599 Latini

291 2624 499 2664 sermonis
517 2626 640 2666 ruina
666 2629 946 2680 sequebatur.

351 2686 598 2733 Petrocorii.
647 2691 709 2733 Le
740 2709 842 2749 pays
874 2693 922 2734 de
953 2693 1169 2750 Perigord.
1219 2696 1377 2737 Eorum
1410 2694 1565 2735 civitas
1596 2693 1738 2735 divisa
