1872 3104
777 151 994 181 CAEsAms
1027 152 1159 181 v1TA.
1515 141 1627 184 1959

631 155 674 184 G·
706 152 744 184 J·

173 253 256 290 οὔτε
280 250 360 290 τους
379 251 516 299 ἄρτους,
538 249 622 284 οὔτε
640 245 722 283 τοὺς
739 247 876 292 λόγους
895 245 957 281 ε’ία
977 248 1117 282 τούτους
1138 246 1354 295 ἐκφέρεσθαι
1373 245 1457 293 πρὸς
1476 246 1516 283 τὸ
1537 249 1628 292 πλῆ-

173 317 245 353 θος.
299 314 481 362 Ἠθὺμουν
512 314 585 359 γὰρ
614 311 648 347 οἱ
682 316 912 357 στρατιῶται,
935 311 1002 353 τὴν
1032 309 1232 356 ἀγριότητα
1265 310 1323 344 καὶ
1348 310 1414 352 τὴν
1443 310 1628 347 ἀπάθειαν

172 386 244 416 τῶν
263 380 464 425 πολεμίων,
487 377 608 422 ὥσπερ
642 375 788 421 θηρίων,
821 371 1088 422 όῤῥωὲοῦντες.·

172 441 326 490 ἐρύμασι
347 445 418 477 τοῖς
435 438 632 487 Πομπηΐου
645 435 662 460 ⁶
679 437 803 487 μάχαι
825 434 1003 484 σποράδες
1023 436 1234 482 ἐγίγνοντο·
1266 437 1324 471 καὶ
1343 443 1474 483 περιῆν
1493 438 1630 472 πάσαις

171 505 189 541 ὁ
209 505 371 550 Καῖσαρ,
392 503 498 546 ’πλὴν
521 503 639 551 μιᾶς·7
700 502 741 537 έν
774 499 799 552 ᾖ
829 506 959 548 τροπῆς
996 500 1167 548 μεγάλης
1187 503 1401 549 γενομένης,
1422 497 1628 535 ε’κινὸὓνευ·

251 567 264 588 ⁸
892 563 1091 613 Πομπηΐου
1112 566 1183 611 γὰρ
1203 562 1493 611 προσβαλόντος,
1515 560 1630 599 οὐδεὶς

1134 371 1218 408 Ἀεὶ
1252 370 1290 408 δέ
1322 387 1414 407 τινες
1447 374 1528 419 περὶ
1556 379 1629 410 τοῖς

171 582 235 604 σεν
286 569 474 604 ἀπολέσαι
500 566 540 603 τὸ
575 563 834 614 στρατόπεδον.

168 632 327 680 ἔμεινεν,
363 632 464 666 ἀλλὰ
499 631 557 666 καὶ
587 633 715 679 τάφροι
741 630 1047 678 κατεπίμπλαντο
1080 631 1331 677 κτεινομένων,
1360 629 1419 663 καὶ
1446 627 1527 674 περὶ
1557 630 1630 663 τοῖς

166 694 287 731 αὑτῶν
305 694 552 745 χαρακώμασι
585 696 644 730 καὶ
664 696 987 743 περιτειχίσμασιν
1017 693 1168 729 ἔπιπτον
1201 692 1447 740 ἐλαυνόμενοι
1478 704 1629 740 προτρο-

164 755 296 802 πάδην,
355 757 505 805 Καῖσαρ
537 756 566 793 δ’
596 758 846 801 ι’]παντιάᾶων,
878 758 1051 804 ἐπειρᾶτο
1080 757 1150 805 μὲν
1176 755 1424 804 ἀναστρέφειν
1443 752 1523 790 τοὺς
1541 756 1626 804 φεύ-

159 836 312 868 γοντας,
335 821 507 869 ἐπέραινε
527 820 556 857 δ’
575 819 693 857 οὐδέν·
729 822 816 857 ἀλλ’
846 818 1200 869 ἐπιλαμβανομένου
1224 823 1297 854 τῶν
1327 820 1490 865 σημείων
1518 816 1630 865 ἁπεῤ-

163 885 321 933 ῥίπτουν
342 884 374 921 οἱ
396 886 625 934 κομίέοντες,
648 886 740 920 ὥστε
761 882 823 919 δύο
844 884 902 919 καὶ
921 886 1113 930 τριάκοντα
1141 878 1282 927 λαβεῖν
1310 879 1391 916 τοὺς
1418 882 1628 928 πολεμίους,

164 948 272 985 αὐτὸς
292 946 331 984 δὲ
347 951 446 997 παρὰ
465 948 594 997 μικρὸν
613 946 728 991 ἦλθεν
748 948 965 983 ἀποθανεῖν.
1012 943 1141 993 Ἀνδρὶ
1162 945 1233 993 γὰρ
1251 943 1408 993 μεγάλῳ
1428 944 1487 979 καὶ
1505 944 1629 993 ῥωμα-

164 1011 251 1061 λέῳ,
272 1010 445 1061 φεύγοντι
476 1012 560 1058 παρ’
590 1009 716 1054 αὐτὸν,
738 1007 933 1056 ἐπιβαλὼν
962 1011 1029 1053 τὴν
1059 1013 1183 1059 χεῖρα,
1210 1011 1340 1057 μένειν
1360 1007 1547 1051 ἐκέλευσε,
1569 1007 1628 1042 καὶ

164 1075 385 1124 στρέφεσθαι
420 1073 506 1121 πρὸς
535 1073 616 1110 τοὺς
645 1075 859 1123 πολεμίους.
914 1071 962 1110 Ὁ
989 1071 1030 1109 δὲ
1056 1072 1188 1121 μεστὸς
1213 1070 1267 1108 ὢν
1286 1079 1449 1121 ταραχῆς
1468 1072 1568 1118 παρὰ
1587 1069 1628 1106 τὸ

161 1133 298 1181 δεινὸν,
320 1136 480 1188 ε’πῄρατο
496 1139 563 1180 τὴν
581 1140 788 1187 μάχαιραν,
811 1139 856 1174 ὡς
876 1137 1119 1186 καθιξόμενος·
1148 1135 1281 1186 φθάνει
1300 1133 1328 1171 δ’
1348 1135 1366 1170 ὁ
1395 1140 1458 1171 τοῦ
1478 1132 1629 1169 Καίσα-

158 1214 218 1247 ρος
242 1200 475 1245 ὑπασπιστὴς
493 1201 684 1248 ἀποκόψας
703 1202 813 1238 αὐτοῦ
846 1200 910 1238 τὸν
930 1197 1045 1250 ὦμον.
1101 1198 1210 1236 Οὕτω
1237 1197 1266 1235 δ’
1295 1199 1450 1244 ἀπέγνω
1475 1199 1521 1233 τὰ
1549 1197 1628 1232 καθ’

160 1262 285 1308 αὑτὸν,
324 1265 419 1308 ὤστ’,
449 1264 530 1299 ἐπεὶ
567 1263 762 1312 Πομπήϊος
780 1264 838 1300 ὑπ’
875 1262 1078 1310 εὐλαβείας
1096 1262 1206 1307 τινὸς,
1239 1263 1260 1306 ἢ
1281 1260 1425 1312 ἰίἰχης,9
1448 1261 1544 1310 ἔργῳ
1563 1274 1628 1309 με-

161 1326 266 1376 γάλῳ
286 1329 391 1363 τέλος
412 1329 476 1363 οὐκ
503 1328 694 1372 ἐπέθηκεν,
715 1329 817 1364 ἀλλὰ
838 1330 1023 1375 καθείρξας
1043 1329 1094 1364 εἰς
1115 1327 1178 1364 τὸν
1198 1326 1346 1376 χάρακα
1371 1322 1453 1361 τούς
1471 1322 1628 1374 φεύγον·

158 1403 233 1434 τας,
264 1391 520 1440 ἀνεχώρησεν,
558 1388 661 1427 εἶπεν
682 1391 754 1439 ἄρα
772 1390 860 1440 πρὸς
878 1390 961 1428 τοὺς
979 1393 1107 1441 φίλους
1127 1391 1247 1425 ἀπιὼν
1262 1388 1295 1406 ¹⁰
1325 1387 1344 1423 ὁ
1364 1387 1528 1434 Καῖσαρ·
1559 1384 1628 1430 Σή-

154 1467 268 1502 μερον
287 1453 336 1489 ἂν
355 1455 376 1498 ἡ
398 1458 478 1499 νίκη
499 1456 600 1503 παρὰ
619 1459 693 1491 τοῖς
712 1457 901 1505 πολεμίοις
920 1453 980 1499 ἧν,
1001 1456 1033 1490 εἱ
1062 1453 1126 1490 τὸν
1155 1459 1310 1490 νικῶντα
1335 1449 1489 1501 εἶχον.Π
1547 1447 1627 1485 Αὖ-

155 1515 215 1553 τὸς
241 1515 281 1553 δὲ
300 1519 494 1565 παρελθὼν
519 1520 570 1554 εἷς
595 1520 663 1563 τὴν
695 1521 833 1563 σκηνὴν
861 1519 920 1563 καὶ
941 1517 1182 1561 κατακλιθεὶς,
1201 1518 1312 1552 νύκτα
1331 1519 1464 1550 πασῶν
1483 1512 1626 1558 ἐκείνην

155 1581 412 1628 ἀνιαρωτάτην
433 1579 633 1628 διήγαγεν,
656 1582 698 1618 ἐν
724 1582 872 1630 ἀπόροις
901 1583 1110 1629 λογισμοῖς,
1131 1582 1176 1616 ὡς
1195 1585 1307 1616 κακῶς
1327 1578 1620 1626 ἐστρατηγηκὼς,

155 1643 224 1687 ὅτι,
246 1645 305 1679 καὶ
325 1644 444 1693 χώρας
473 1644 702 1693 ἐπικειμένης
730 1643 888 1689 βαθείας
907 1646 966 1681 καὶ
987 1645 1133 1681 πόλεων
1151 1641 1384 1693 εὐδαιμόνων
1403 1647 1476 1678 τῶν
1494 1639 1625 1676 ΒῙακε-

156 1703 309 1743 ὃονικῶν
329 1708 388 1742 καὶ
407 1704 655 1751 Θετταλικῶν,
677 1708 790 1744 ε’άσας
809 1708 883 1744 ἐκεῖ
909 1713 1138 1755 περισπᾶσαι
1167 1706 1231 1744 τὸν
1258 1708 1438 1755 πόλεμον,
1460 1705 1622 1741 ἐνταῦθα

154 1770 345 1808 καθέὲοιτο
364 1769 450 1818 πρὸς
469 1770 647 1823 θαλάττῃ,
670 1773 970 1820 ναυκρατούντων
988 1777 1062 1808 τῶν
1081 1772 1283 1819 πολεμίων,
1311 1766 1622 1817 πολιορκούμενος

816 1871 956 1903 NOTAE

151 1946 218 1975 tum
232 1943 314 1985 belli,
329 1946 404 1984 tela,
422 1955 522 1984 arma,
538 1948 692 1976 tormenta
708 1945 753 1976 ibi
768 1946 858 1976 collo-

152 1990 287 2035 caverat,
296 1994 548 2036 frumentumque
563 1996 717 2027 exercitui
732 1996 860 2027 navibus

152 2046 365 2085 supportabat.
410 2047 533 2088 Itaque
561 2048 678 2079 Caesar
706 2047 741 2078 iu
767 2047 861 2078 colli-

154 2095 229 2135 bus,
244 2097 302 2137 qui
325 2097 418 2127 circa
433 2103 544 2128 castra
566 2098 724 2138 Pompeii
747 2102 858 2137 erant,

153 2146 295 2176 castella
319 2147 528 2186 communiit,
543 2147 622 2177 inde
650 2157 693 2178 ex
715 2147 858 2178 castello

152 2195 188 2227 in
203 2196 382 2227 castellum
399 2196 565 2236 perducta
582 2198 772 2229 munitione
795 2198 859 2229 cir-

153 2245 360 2276 cumvallare
374 2246 575 2286 Pompeium
592 2247 752 2278 instituit.

193 2297 214 2325 6
228 2296 298 2326 Τοῖς
309 2294 436 2335 ἐρύμασι
447 2297 511 2327 τοῖς
523 2298 640 2338 Πομπ.]
657 2297 859 2338 Pompeiani

151 2346 241 2377 enim
263 2346 425 2379 interiore
450 2349 561 2388 spatio
584 2355 770 2389 perpetuas
786 2359 857 2381 mu-

150 2395 298 2427 nitiones
315 2395 511 2437 effecerant,
525 2408 566 2429 ne
580 2409 646 2440 quo
660 2399 735 2430 loco
748 2400 856 2431 nostri

149 2446 293 2485 intrare,
309 2451 412 2487 atque
426 2448 520 2488 ipsos
547 2458 567 2479 a
594 2455 689 2490 tergo
711 2450 856 2482 circum-

149 2496 266 2526 venire
284 2502 434 2535 possent.
474 2498 561 2529 Caes.
578 2499 600 2529 l.
617 2500 638 2530 l.

192 2550 211 2577 7
236 2547 325 2583 Πλὴν
339 2548 422 2589 μιᾶς]
444 2549 498 2579 De
516 2559 583 2590 qua
600 2555 727 2589 praeter
743 2551 853 2582 Caesa-

148 2606 220 2628 rem
247 2598 363 2628 videas
395 2598 544 2639 Appian.
575 2600 616 2631 B.
644 2600 718 2632 Civ.
734 2610 776 2632 11.
800 2604 854 2632 61.

149 2650 203 2679 62.
219 2652 254 2678 et
272 2647 375 2679 Dion.
393 2648 487 2679 Cass.
501 2652 553 2680 41.

191 2699 212 2728 8
233 2697 460 2730 Ἐκινδύνευσεν
486 2699 627 2740 scripsit
651 2699 792 2741 Reiske‚
813 2709 857 2732 ex

913 1945 1126 1986 conjectura,
1142 1953 1204 1985 pro
1224 1941 1414 1974 ἐκινδύνευσε
1437 1940 1506 1982 μὲν,
1529 1940 1621 1983 quod

913 1994 1053 2027 defendi
1078 1999 1204 2035 potest.
1249 1993 1453 2034 Respondet
1475 1991 1563 2023 enim
1587 1992 1623 2022 in

913 2055 1008 2087 seqq.
1026 2046 1146 2085 Καῖσαρ
1161 2043 1194 2075 δὲ
1208 2042 1416 2083 ὑπαντιάζων.

954 2099 975 2127 9
997 2096 1064 2126 Ὓπ’
1087 2094 1253 2131 εὐλαβείας
1267 2094 1361 2133 τινὸς,
1385 2094 1404 2131 ἢ
1426 2091 1541 2133 τύχης]
1560 2090 1623 2129 Τὴν

912 2146 1083 2187 ἀφυλαξίαν
1117 2147 1174 2177 τοῦ
1208 2147 1445 2186 χαρακώματος,
1483 2144 1522 2175 ὥς
1561 2140 1624 2174 ε’νέ·

913 2200 996 2239 δραν,
1024 2197 1226 2238 ὑφορώμενος,
1252 2197 1272 2234 ἢ
1295 2197 1335 2228 ὣς
1361 2196 1420 2233 ἤδη
1445 2192 1621 2235 κεκριμένου

912 2248 969 2279 τοῦ
983 2246 1122 2286 πολέμου
1139 2245 1388 2287 καταφρονήσας.
1425 2244 1577 2285 Appian.

958 2302 998 2329 10
1020 2298 1147 2339 Ἀπιὼν]
1171 2296 1342 2329 Confecta
1373 2305 1487 2337 pugna
1514 2294 1622 2324 disce-

914 2349 1000 2380 dens
1031 2348 1074 2379 de
1105 2348 1228 2378 Martis
1255 2357 1334 2378 area
1362 2346 1396 2377 in
1427 2349 1551 2385 castra,
1577 2343 1621 2374 ad

917 2398 1112 2430 tentorium.
1147 2398 1228 2429 Vid.
1244 2408 1273 2429 c.
1291 2401 1343 2429 56.
1378 2397 1502 2428 Reiske.

955 2453 993 2480 ll
1018 2448 1053 2479 Ei
1073 2447 1131 2479 τὸν
1152 2450 1284 2478 νικῶντα
1309 2447 1410 2487 εἶχον]
1435 2446 1512 2476 Hoc
1529 2444 1621 2475 idem

910 2504 964 2529 est
978 2509 1030 2539 ac,
1057 2498 1083 2529 εἶ
1108 2498 1164 2528 τὸν
1186 2499 1275 2538 νικᾷν
1300 2495 1502 2534 ἐπιστάμενον
1523 2492 1620 2534 εἶχον,

909 2548 1032 2589 quibus
1053 2548 1167 2580 verbis
1199 2546 1380 2588 Appianus
1404 2545 1523 2585 utitur,
1545 2544 1617 2575 sive

907 2597 963 2627 τὸν
999 2597 1101 2628 εἰδότα
1130 2598 1230 2639 νικᾷν,
1269 2602 1307 2628 ut
1345 2596 1554 2629 Plutarchus
1581 2595 1618 2626 in

911 2646 1088 2689 Apophth.
