1872 3104
242 164 354 208 1972
711 175 750 204 c.
782 174 819 204 J.
851 172 1067 204 cAEsams
1101 171 1231 201 vrrA.

237 287 313 318 του,
347 272 407 309 καὶ
435 272 564 322 μικρὸν
585 271 738 321 ὕστερον
757 270 794 316 ἐξ
813 270 926 307 αὐτοῦ
944 273 1122 306 τεκοῦσαν
1142 268 1236 312 υἱὸν,
1258 267 1300 304 ὃν
1318 263 1578 314 Ἀλεξανδρεῖς
1600 265 1693 301 Και-

240 340 404 385 σαρίωνα
421 336 695 385 ἦπηγόρευσαν,
714 336 886 383 ὥρμησεν
905 333 964 369 ἐπὶ
984 332 1128 382 Συρίας.

836 544 995 587 CAP.
1048 546 1098 587 L.

236 667 448 705 Pharnacen,
466 665 678 697 Mithridatis
694 664 810 704 finum,
836 665 892 706 qui
910 674 1068 704 magnam
1094 664 1186 696 Λεία*
1203 668 1332 704 partem
1351 663 1450 693 armis
1465 665 1617 701 ceperat,
1633 668 1699 691 uno

599 718 718 759 praelio
733 718 887 759 fugatum
904 720 1021 750 Caesar
1038 727 1079 748 ex
1100 719 1179 749 Asia
1198 717 1342 758 repellit.

291 826 478 864 Κάκεῖθεν
498 827 611 863 ἐπιὼν
645 828 711 871 τὴν
738 825 892 872 Ἀσίαν,
913 826 1151 869 ἐπυνθάνετο,
1182 823 1356 872 Δομίτιον
1385 823 1483 872 μὲν,“
1517 822 1585 858 ὑπὸ
1603 820 1697 869 Φαρ-

236 890 360 937 νάκου,
381 895 444 929 τοῦ
464 889 693 941 Μιθριδάτου
713 889 855 935 παιδὸς,
877 892 1093 940 ἡττημένον,
1128 889 1166 925 ἐκ
1198 886 1346 924 Πόντου
1379 889 1606 935 πεφευγέναι
1627 882 1696 920 οὖν

237 956 392 1003 ὀλίγοις,
413 955 607 1004 Φαρνάκην
627 953 668 992 δὲ
687 958 731 1009 τῇ
753 958 832 1007 νίκῃ
853 955 1048 1005 χρώμενον
1062 955 1269 997 ἀπλήστως,
1286 953 1346 987 καὶ
1360 950 1537 987 Βιθυνίαν
1557 949 1696 998 ἔχοντα

237 1021 295 1056 καὶ
316 1018 601 1063 Καππαδοκίαν,
620 1017 823 1069 Ἀρμενίας
843 1019 1014 1069 ἐφίεσθαι
1033 1027 1096 1062 τῆς
1114 1021 1243 1066 μικρᾶς
1264 1017 1506 1064 καλουμένης,
1528 1014 1587 1050 καὶ
1605 1012 1699 1049 πάν·

235 1098 300 1120 τας
318 1083 516 1120 ἀνιστάναι
536 1080 615 1120 τοῦς
634 1081 748 1135 ταύτῃ
766 1081 940 1130 βασιλεῖς
967 1084 1024 1119 καὶ
1056 1085 1270 1131 τετράρχας.
1329 1079 1443 1115 Εὐθὺς
1464 1076 1530 1115 οὖν
1551 1078 1611 1114 ἐπὶ
1631 1076 1696 1113 τὸν

235 1144 352 1195 ἄνδρα
372 1148 489 1196 τρισὶν
503 1146 520 1166 ²
545 1149 686 1192 ἤλαυνε
705 1147 885 1198 τάγμασι,
912 1148 971 1183 καὶ
990 1147 1072 1194 περὶ
1090 1147 1201 1182 πόλιν
1218 1143 1354 1188 Ζῆλαν
1373 1143 1504 1193 μάχην
1522 1140 1696 1190 μεγάλην

237 1210 419 1258 συνάψας,
442 1209 554 1247 αὑτὸν
573 1210 645 1260 μὲν
665 1208 824 1257 ἐξέβαλε
859 1217 922 1247 τοῦ
951 1209 1098 1247 Πόντου
1117 1208 1317 1259 φεύ-γοντα,
1349 1209 1416 1250 τὴν
1450 1204 1491 1242 δὲ
1522 1205 1697 1252 στρατιὰν

237 1271 351 1322 ἄρδην
382 1275 525 1311 ἀνεῖλε.
601 1273 679 1311 Καὶ
711 1279 770 1318 τῆς
801 1273 926 1324 μάχης
958 1275 1090 1316 ταύτης
1121 1274 1188 1316 τὴν
1226 1271 1378 1315 ὀξύτητα
1415 1270 1473 1304 καὶ
1508 1268 1547 1304 τὸ
1583 1267 1696 1317 τάχος

235 1339 492 1385 ἀναγγέλλων
512 1339 562 1375 εἷς
578 1337 738 1386 Ῥώμην,
759 1338 846 1386 πρός
865 1351 948 1373 τινα
968 1342 1040 1372 τῶν
1056 1337 1189 1386 φίλων,
1210 1333 1420 1383 Ἀμίντιον,
1437 1331 1582 1381 ἔγραψε
1602 1335 1697 1379 τρεῖς

234 1403 364 1447 λέξεις·
384 1399 545 1446 ῗΗλθον,
578 1398 693 1446 εἶδον,
718 1401 903 1446 ε’νίκησα.3
970 1399 1169 1449 Ῥωμαϊστὶ
1201 1397 1242 1434 δὲ
1274 1397 1312 1434 αἱ
1342 1400 1457 1442 λέξεις
1488 1397 1537 1432 εἰς
1569 1394 1696 1444 ὅμοιον

235 1466 497 1511 ἀπολήγουσαι
519 1471 646 1516 σχῆμα
674 1465 848 1514 ῥήματος,
871 1465 933 1501 οὐκ
952 1464 1139 1500 ἀπίθανον
1159 1465 1224 1507 τὴν
1243 1460 1509 1511 βραχυλογίαν
1527 1461 1695 1509 ἔχουσιν.

899 1582 932 1615 N
939 1582 1041 1615 0¹1*AE

235 1655 363 1687 Caesari
379 1654 503 1686 auxilio
519 1656 665 1688 venisse.
710 1656 865 1697 Egressis
880 1657 939 1699 igi·
993 1661 1094 1689 erant
1103 1655 1347 1687 Ariobarzanes
1358 1651 1599 1694 Cappadocia»,
1614 1651 1697 1683 Dei-

236 1710 292 1738 tur
307 1706 550 1738 Alexandrinis
568 1707 609 1737 ad
626 1707 714 1739 hunc
731 1708 940 1748 pellendum,

236 1757 352 1789 Caesar
367 1756 433 1787 alia
448 1757 504 1787 via
520 1756 561 1788 ad
579 1757 806 1789 Mithridaten
822 1767 941 1798 perve-

234 1806 297 1846 nit,
321 1811 529 1847 receptoque
546 1806 617 1847 ejus
632 1807 800 1848 exercitu,
826 1808 941 1838 Ptole-

234 1866 355 1889 maeum
373 1857 492 1898 praelio
508 1857 692 1898 superavit.

278 1958 294 1987 l
314 1956 502 1988 Domitium
513 1955 704 1995 Calvinum,
721 1966 819 1996 quem
834 1957 938 1988 Phar-

233 2016 349 2045 naces,
358 2007 411 2037 cui
423 2006 605 2046 Pompeius
618 2015 758 2047 regnum
773 2007 939 2047 Bospora-

233 2067 313 2088 num
331 2056 534 2093 tradiderat,
548 2065 688 2096 regnum
700 2062 878 2097 paternum
890 2067 939 2088 re-

233 2111 473 2148 cuperaturus,
490 2116 599 2147 prope
613 2107 807 2147 Nicopolin,
821 2107 938 2138 urbem

234 2157 405 2188 Armeniae
421 2157 572 2197 minoris,
588 2157 732 2187 vicerat.
771 2157 860 2197 Ergo
874 2166 938 2188 nec

234 2207 409 2240 Domitius
426 2207 492 2238 dici
512 2211 647 2247 poterat
663 2216 705 2238 ex
723 2207 836 2238 Ponto
863 2217 940 2248 pro-

233 2257 372 2299 fugisse,
388 2267 450 2288 nec
478 2257 671 2288 Pharnaces
700 2257 833 2287 demum
861 2262 938 2297 post

235 2310 422 2341 Domitium
453 2309 579 2340 vietum
609 2309 804 2340 Armeniam
835 2310 937 2340 miuo-

233 2369 305 2392 rem
337 2360 487 2400 petiisse,
520 2370 616 2401 quam
652 2360 764 2400 potius
795 2365 874 2391 ante
904 2359 938 2390 id

235 2409 388 2450 praelium
406 2415 601 2450 occuparat.
650 2410 733 2440 Post
759 2409 937 2441 victoriam

231 2459 428 2501 Bithyniam
444 2465 479 2491 et
494 2465 602 2492 totum
621 2460 769 2491 Pontum
791 2470 938 2501 occupa-

234 2510 295 2550 vit,
309 2510 368 2542 nbi
383 2510 581 2549 crudeliter,
596 2511 741 2541 maxime
766 2511 799 2541 in
817 2510 939 2541 Roma-

234 2569 308 2601 nos,
324 2571 360 2594 se
377 2561 493 2604 gessit.
551 2562 660 2602 Reges
677 2562 710 2594 in
727 2561 784 2593 illa
799 2562 938 2602 regione

994 1713 1108 1740 otarus
1136 1707 1307 1738 Armeniae
1335 1705 1487 1744 minoris,
1512 1709 1548 1735 et
1575 1709 1698 1735 tetrar-

994 1758 1057 1789 cha
1095 1758 1266 1795 Galatiae3
1322 1756 1488 1796 reliquam
1526 1754 1697 1787 Galatiam

995 1810 1178 1851 Pompeius
1196 1809 1304 1840 tribus
1329 1808 1403 1838 aliis
1429 1807 1609 1848 tetrarchis
1634 1808 1698 1838 dis-

995 1860 1176 1891 tribuerat.
1222 1859 1290 1890 Alii
1306 1863 1478 1899 praeeraut
1493 1857 1646 1890 Colchidi
1662 1863 1697 1889 et

995 1910 1250 1950 Paplilagoniae.

1035 1964 1055 1990 2
1077 1959 1194 1999 Τρισὶν]
1228 1959 1385 1991 Quatuor
1401 1958 1554 1988 habuisse
1570 1957 1697 1997 legitur

992 2009 1025 2039 in
1041 2008 1128 2040 libro
1145 2009 1187 2039 de
1205 2009 1245 2039 Β.
1264 2008 1364 2039 Alex.
1381 2018 1412 2038 c.
1428 2011 1496 2046 69„
1520 2007 1578 2038 ubi
1594 2007 1696 2038 etiam

992 2068 1021 2090 c.
1039 2062 1091 2090 71.
1108 2069 1202 2100 seqq.
1220 2058 1351 2098 singula
1367 2058 1408 2089 de
1423 2058 1541 2098 praelio
1566 2057 1607 2088 ad
1634 2057 1698 2089 Ze-

992 2109 1057 2139 lam
1082 2108 1172 2139 vide.
1230 2108 1338 2139 Causa
1371 2118 1436 2139 non
1464 2114 1529 2146 est,
1553 2113 1591 2139 ut
1617 2117 1695 2139 cum

991 2159 1134 2189 Davisio
1161 2157 1273 2195 Ζιήλον
1299 2159 1403 2197 legas.
1460 2158 1512 2189 Cf.
1531 2158 1695 2190 Cellarius

991 2213 1026 2240 et
1041 2209 1159 2240 Morus
1176 2209 1217 2239 ad
1235 2209 1310 2240 libr.
1326 2212 1357 2239 2.
1374 2219 1406 2240 c.
1421 2211 1474 2240 72.

1034 2262 1052 2290 3
1084 2258 1244 2299 Ἐνίκησα]
1278 2259 1421 2290 Caesaris
1446 2260 1550 2290 verba
1574 2264 1694 2292 erant:

997 2309 1086 2349 Veni,
1121 2310 1197 2349 vidi,
1227 2310 1297 2340 rici.
1364 2310 1524 2341 Ceterum
1558 2309 1694 2342 facilius

992 2360 1095 2391 credo
1112 2360 1270 2391 Suetonio
1288 2360 1358 2392 Jul.
1385 2370 1414 2391 c.
1430 2363 1496 2400 37„
1523 2361 1693 2392 Caesarem

994 2411 1125 2442 Pontico
1151 2412 1305 2452 triumpho
1330 2412 1412 2442 incer
1434 2421 1553 2452 pompae
1572 2411 1695 2451 fercula

991 2461 1089 2491 trium
1105 2461 1246 2492 istorum
1262 2461 1420 2492 verborum
1430 2461 1606 2501 praetulisse
1618 2460 1694 2490 titu-

993 2513 1067 2551 lum,
1091 2522 1149 2542 non
1172 2516 1243 2542 acta
1267 2511 1337 2542 belli
1360 2511 1598 2552 sigmflcamem,
1614 2510 1692 2540 sicut

993 2563 1104 2594 ceteris
1128 2564 1183 2594 sed
1196 2563 1336 2594 celeriter
1348 2561 1478 2600 confecti
1491 2563 1604 2592 notam.
