1872 3104
642 209 683 238 0.
714 206 845 237 anmi
879 205 1109 237 cAEsARis.
1492 204 1605 244 2049

437 412 586 451 AETAS
615 414 666 450 ΙΙ.
725 412 1319 451 ΒΕΒΟΑΙᾸΜΝΟ-ΛΙᾸᾺΝΑ.

739 503 1013 544 1504—1559.

156 620 252 653 1504-
282 615 479 652 Bononiae.
510 614 576 651 sol.
608 614 880 652 Commentarii
901 615 1062 653 Caesaris
1089 616 1273 666 recogniti
1294 629 1362 666 per
1380 615 1602 670 Philippum

203 678 447 715 Beroaldum.
524 677 754 716 Benedictus
794 680 1012 729 Bibliopola
1049 680 1098 717 ad
1136 686 1336 718 emtorem.
1412 686 1422 701 ⁸
1441 682 1605 733 Emptor

200 741 372 779 attende.
429 741 598 786 Quando
630 755 756 780 emere
791 744 845 780 vis
881 744 1014 780 Libros
1047 756 1229 781 excussos
1260 744 1296 781 in
1329 744 1497 784 Officina
1521 759 1605 786 mea

200 805 430 850 excussoria,
454 806 600 855 inspice
622 806 796 855 Signum,
827 808 929 857 quod
951 807 986 843 in
1009 807 1114 844 calce
1136 820 1284 857 semper
1301 814 1373 845 est.
1431 810 1489 847 lta
1508 821 1605 848 nun-

201 882 315 918 quam
350 869 516 913 finieris:
544 873 620 907 &a
691 871 732 906 ln
766 869 860 907 fine:
893 870 1119 919 ‘Impressit
1152 869 1335 907 Bononiae
1368 871 1601 910 Benedictus

201 933 381 970 Hectoris
415 933 629 982 Bibliopola
662 934 946 982 Impressorque
978 931 1290 981 diligentissimus
1309 934 1526 984 recognitos
1544 948 1602 974 re-

200 997 489 1046 pastinatosque
510 1010 531 1033 a
567 997 745 1046 Philippo
781 996 969 1033 Beroaldo
990 996 1140 1032 curiose
1160 1001 1197 1033 et
1218 996 1429 1046 vigilanter.
1487 1000 1601 1036 Anno

200 1060 342 1097 Salutis
364 1070 449 1097 MD.
472 1071 564 1097 1111.
595 1059 787 1097 Calendas
807 1059 977 1110 Aprilis!
1018 1059 1169 1109 Insigne
1203 1061 1601 1110 typogr.—Maittair.

198 1135 238 1172 p.
267 1122 352 1167 169.
396 1123 540 1159 Panzer
559 1122 610 1160 T.
634 1133 694 1160 vl.
717 1136 756 1173 p.
779 1129 870 1162 323.
914 1123 1043 1161 Editio
1077 1123 1314 1161 emendatior
1342 1131 1381 1162 et
1402 1137 1448 1162 ex
1470 1124 1599 1163 Codd.

198 1185 314 1223 facta.

152 1254 249 1288 1508
280 1262 310 1286 s.
333 1248 358 1285 l.
380 1254 418 1286 et
438 1255 591 1299 typogr.
615 1253 651 1286 8.
682 1249 728 1287 C.
761 1249 852 1286 Julii
885 1249 1045 1287 Caesaris
1081 1250 1356 1288 Commentarii
1377 1264 1399 1288 a
1418 1251 1600 1302 Philippo

201 1311 391 1349 Beroaldo
424 1311 530 1349 editi.
567 1313 888 1350 Momm—Cat.
921 1313 1057 1350 Pinelli
1090 1313 1138 1350 T.
1161 1322 1214 1350 11.
1233 1326 1273 1364 p.
1293 1311 1358 1351 61.
1388 1314 1533 1353 Panzer
1549 1316 1599 1353 T.

203 1386 265 1413 ix.
287 1389 326 1425 p.
352 1381 439 1419 109.
469 1375 664 1424 Repetitio
685 1375 964 1413 antecedentis.

145 1461 197 1466 —
223 1438 384 1476 Juntina
407 1449 436 1475 1.
460 1443 495 1475 S.
527 1445 682 1476 curante
703 1439 809 1475 Luca
829 1439 967 1475 Robia.
1003 1439 1291 1477 Commentaria
1311 1440 1485 1478 Caesaris.
1518 1441 1599 1480 Fol.

203 1509 238 1539 1.
258 1502 297 1539 b.
331 1502 480 1539 ‘Lucas
515 1502 642 1539 Robia
677 1503 838 1539 Nicolao
858 1502 1013 1539 Valorio
1033 1504 1087 1540 S!
1141 1503 1184 1540 Iu
1215 1502 1309 1540 fine:
1339 1504 1601 1553 ‘luipressum

201 1564 400 1603 Florentiae
420 1578 535 1615 opera
554 1570 594 1602 et
622 1565 797 1615 impensa
823 1564 991 1614 Philippi
1022 1565 1180 1602 Giuntae
1200 1565 1429 1616 Bibliopolae
1449 1567 1602 1605 Floren-

199 1629 282 1674 tini,
314 1630 424 1667 Anno
459 1642 480 1666 a
512 1628 717 1666 christiana
752 1628 874 1665 salute
909 1629 960 1665 D.
993 1633 1132 1665 octavo
1169 1641 1285 1679 supra
1323 1628 1437 1675 mille,
1471 1643 1601 1669 mense

201 1691 586 1742 Aprili.'—Maittair.
616 1692 667 1730 T.
691 1703 742 1729 11.
763 1704 803 1742 p.
829 1697 915 1735 189.
947 1691 1072 1729 Band.
1095 1692 1224 1729 annal.
1245 1693 1352 1730 Junt.
1373 1699 1524 1744 typogr.
1547 1704 1599 1732 11.

200 1769 238 1806 p.
260 1754 324 1795 26.
346 1768 406 1805 sq.
436 1756 583 1793 Panzer
601 1755 652 1793 T.
675 1766 757 1792 vll.
779 1768 818 1804 p.
843 1762 904 1792 11.

152 1826 247 1858 1511
281 1818 464 1856 venetiis.
485 1819 553 1855 fol.
577 1819 623 1856 C.
644 1820 681 1857 J.
700 1820 876 1864 Caesaris,
898 1819 1133 1857 inuictissimi
1152 1819 1389 1869 imperatoris
1409 1832 1603 1858 commen-

201 1883 307 1928 taria,
329 1883 544 1921 seculorum
567 1883 698 1920 iniuria
719 1890 831 1921 autea
850 1882 1018 1920 difficilia
1037 1890 1075 1920 et
1094 1883 1204 1920 valde
1230 1882 1428 1920 mendosa.
1483 1885 1600 1921 Nunc

197 1948 363 1999 primum
383 1961 406 1985 a
427 1947 504 1984 viro
523 1947 642 1984 docto
661 1948 786 1995 (Luca
807 1947 980 1991 panetio,
1002 1947 1199 1984 Canonico
1220 1946 1461 1992 Olchinensi)
1479 1960 1599 1998 expo-

199 2012 265 2049 lita
284 2018 323 2049 et
341 2010 486 2061 optime
505 2010 717 2061 recognita.
771 2009 929 2047 Additis
957 2009 1006 2046 de
1036 2022 1138 2047 nouo
1171 2009 1382 2059 Apostillis,
1415 2023 1491 2048 una
1510 2023 1600 2049 cum

198 2075 328 2125 figuris
353 2075 427 2112 suis
448 2074 541 2112 locis
562 2080 651 2123 apte
677 2073 889 2123 dispositis:
919 2086 989 2111 nec
1023 2086 1096 2111 nou
1131 2074 1303 2124 regulata
1337 2074 1480 2119 tabula,
1511 2087 1600 2124 quae

201 2138 326 2175 omnia
357 2138 456 2182 loca,
491 2137 662 2183 flumina,
691 2143 850 2181 montes,
884 2137 1009 2182 urbes,
1038 2136 1195 2186 oppida,
1217 2136 1364 2174 infinita
1396 2137 1542 2186 proelia,
1560 2143 1601 2175 et

202 2213 368 2251 quaeque
400 2201 514 2249 digna
545 2201 700 2250 cognitu
729 2199 887 2238 mirifice
907 2199 1319 2238 demonstran-Ante
1341 2200 1519 2238 Marliani
1537 2201 1600 2238 In·

203 2265 327 2302 dicem
348 2265 479 2301 haecce
498 2264 693 2313 leguntur:
725 2269 735 2284 ‘
752 2265 898 2309 Habes,
920 2264 1037 2301 lector
1056 2264 1295 2314 peritissime,
1318 2265 1479 2302 Caesaris
1497 2278 1600 2302 com-

202 2327 384 2366 mentaria
412 2333 523 2364 antea
555 2327 826 2378 impressorum
860 2328 1004 2366 incuria
1038 2335 1173 2366 trunca
1206 2335 1244 2366 et
1279 2327 1474 2372 mendosa,
1498 2341 1600 2365 nunc

202 2398 329 2429 autem
349 2404 372 2428 a
392 2391 472 2427 viro
502 2391 620 2428 docto
650 2391 793 2441 optime
822 2392 1029 2438 recognita,
1050 2399 1087 2430 et
1115 2391 1151 2428 in
1173 2391 1372 2441 pristinum
1393 2391 1600 2428 candorem

201 2455 377 2493 redacta:
408 2454 591 2503 impressa
624 2455 718 2491 mira
749 2454 944 2504 diligentia
979 2454 1147 2492 Venetiis
1187 2467 1254 2504 per
1274 2454 1530 2502 Augustinum
1552 2452 1600 2491 de

202 2518 341 2557 Zannis
363 2517 410 2555 de
440 2518 611 2555 Portesio
637 2531 736 2555 anno
757 2519 1012 2556 reconciliatae
1033 2518 1239 2556 natiuitatis
1262 2528 1295 2555 M
1306 2528 1399 2554 DXI.
1420 2516 1459 2553 d.
1481 2527 1598 2554 XVII.

204 2581 902 2632 Augusti.’—Goetzii·Memorabilia
936 2583 1030 2619 bibl.
1066 2581 1273 2618 Dresdens.
1305 2580 1356 2616 T.
1380 2590 1410 2617 1.
1443 2592 1484 2630 p.
1510 2585 1597 2617 154.

203 2659 261 2696 sq.
284 2645 466 2683 Maittair.
487 2645 538 2681 T.
562 2655 611 2683 11.
633 2658 672 2695 p.
695 2651 785 2684 222.
817 2646 961 2682 Panzer
978 2646 1028 2682 T.
1049 2655 1153 2681 V111.
1173 2657 1213 2693 p.
1235 2649 1324 2681 403.

148 2715 253 2748 -1512
283 2722 313 2746 s.
335 2709 360 2746 l.
381 2715 419 2746 et
439 2716 593 2759 typogr.
617 2716 652 2747 S.
682 2710 955 2748 Commentarii
984 2709 1145 2747 Caesaris
1172 2707 1354 2758 recogniti
1371 2720 1439 2758 per
1457 2706 1598 2757 Philip-

237 2783 353 2824 Delph.
369 2787 399 2814 et
421 2783 495 2815 Var.
515 2784 599 2814 Clas.
830 2783 911 2814 Caes.
1437 2783 1458 2811 6
1481 2780 1512 2812 Ο
