<?xml version="1.0" encoding="UTF-8"?>
<!DOCTYPE html PUBLIC "-//W3C//DTD XHTML 1.0 Transitional//EN"
    "http://www.w3.org/TR/xhtml1/DTD/xhtml1-transitional.dtd">
<html xmlns="http://www.w3.org/1999/xhtml" xml:lang="en" lang="en">
 <head>
  <title>
</title>
<meta http-equiv="Content-Type" content="text/html;charset=utf-8" />
  <meta name='ocr-system' content='tesseract 3.04.00' />
  <meta name='ocr-capabilities' content='ocr_page ocr_carea ocr_par ocr_line ocrx_word'/>
</head>
<body>
  <div class='ocr_page' id='page_1' title='image "./operaomniaexedit05caesuoft/operaomniaexedit05caesuoft_0064.png"; bbox 0 0 1872 3104; ppageno 0'>
   <div class='ocr_carea' id='block_1_1' title="bbox 229 162 1215 206">
    <p class='ocr_par' dir='ltr' id='par_1_1' title="bbox 229 162 1215 206">
     <span class='ocr_line' id='line_1_1' title="bbox 229 162 1215 206; baseline -0.004 -3"><span class='ocrx_word' id='word_1_1' title='bbox 229 162 343 206; x_wconf 78' lang='lat'>1942</span> <span class='ocrx_word' id='word_1_2' title='bbox 696 174 736 203; x_wconf 90' lang='lat' dir='ltr'>e.</span> <span class='ocrx_word' id='word_1_3' title='bbox 767 173 805 203; x_wconf 80' lang='lat' dir='ltr'>J.</span> <span class='ocrx_word' id='word_1_4' title='bbox 837 171 1053 202; x_wconf 70' lang='lat' dir='ltr'>cAESAnis</span> <span class='ocrx_word' id='word_1_5' title='bbox 1086 172 1215 200; x_wconf 50' lang='lat' dir='ltr'>vrrs.</span> 
     </span>
    </p>
   </div>
   <div class='ocr_carea' id='block_1_2' title="bbox 229 263 1687 1615">
    <p class='ocr_par' dir='ltr' id='par_1_2' title="bbox 229 263 1687 1615">
     <span class='ocr_line' id='line_1_2' title="bbox 231 263 1677 318; baseline -0.003 -12"><span class='ocrx_word' id='word_1_6' title='bbox 231 271 282 306; x_wconf 87' lang='grc' dir='ltr'>εἰς</span> <span class='ocrx_word' id='word_1_7' title='bbox 299 268 411 306; x_wconf 88' lang='grc' dir='ltr'>πόλιν</span> <span class='ocrx_word' id='word_1_8' title='bbox 428 266 619 313; x_wconf 82' lang='grc' dir='ltr'>Ἀλησίαν</span> <span class='ocrx_word' id='word_1_9' title='bbox 638 266 826 318; x_wconf 77' lang='grc' dir='ltr'>διέφυγον,</span> <span class='ocrx_word' id='word_1_10' title='bbox 854 269 912 304; x_wconf 83' lang='grc' dir='ltr'>καὶ</span> <span class='ocrx_word' id='word_1_11' title='bbox 931 271 1179 315; x_wconf 84' lang='grc' dir='ltr'>πολιορκοῦντι</span> <span class='ocrx_word' id='word_1_12' title='bbox 1199 266 1332 311; x_wconf 76' lang='grc' dir='ltr'>ταύτην</span> <span class='ocrx_word' id='word_1_13' title='bbox 1352 267 1532 314; x_wconf 85' lang='grc' dir='ltr'>Καίσαρι,</span> <span class='ocrx_word' id='word_1_14' title='bbox 1553 263 1677 302; x_wconf 74' lang='grc' dir='ltr'>δοκοῦ-</span> 
     </span>
     <span class='ocr_line' id='line_1_3' title="bbox 231 330 1676 381; baseline -0.003 -13"><span class='ocrx_word' id='word_1_15' title='bbox 231 347 303 368; x_wconf 89' lang='grc' dir='ltr'>σαν</span> <span class='ocrx_word' id='word_1_16' title='bbox 321 332 517 369; x_wconf 80' lang='grc' dir='ltr'>ἀνάλωτον</span> <span class='ocrx_word' id='word_1_17' title='bbox 537 330 631 369; x_wconf 75' lang='grc' dir='ltr'>εἶναι</span> <span class='ocrx_word' id='word_1_18' title='bbox 656 332 807 379; x_wconf 83' lang='grc' dir='ltr'>μεγέθει</span> <span class='ocrx_word' id='word_1_19' title='bbox 825 346 864 367; x_wconf 90' lang='grc' dir='ltr'>τε</span> <span class='ocrx_word' id='word_1_20' title='bbox 884 337 1018 381; x_wconf 82' lang='grc' dir='ltr'>τειχῶν</span> <span class='ocrx_word' id='word_1_21' title='bbox 1039 333 1096 366; x_wconf 81' lang='grc' dir='ltr'>καὶ</span> <span class='ocrx_word' id='word_1_22' title='bbox 1115 332 1246 373; x_wconf 73' lang='grc' dir='ltr'>πλῆθει</span> <span class='ocrx_word' id='word_1_23' title='bbox 1266 338 1339 368; x_wconf 79' lang='grc' dir='ltr'>τῶν</span> <span class='ocrx_word' id='word_1_24' title='bbox 1359 332 1676 380; x_wconf 80' lang='grc' dir='ltr'>ἀπομαχομένων,</span> 
     </span>
     <span class='ocr_line' id='line_1_4' title="bbox 231 390 1677 444; baseline -0.002 -13"><span class='ocrx_word' id='word_1_25' title='bbox 231 396 417 433; x_wconf 80' lang='grc' dir='ltr'>ἐπιπίπτει</span> <span class='ocrx_word' id='word_1_26' title='bbox 451 397 586 432; x_wconf 81' lang='grc' dir='ltr'>παντὸς</span> <span class='ocrx_word' id='word_1_27' title='bbox 619 397 734 441; x_wconf 86' lang='grc' dir='ltr'>λόγου</span> <span class='ocrx_word' id='word_1_28' title='bbox 771 395 911 444; x_wconf 70' lang='grc' dir='ltr'>μείέων</span> <span class='ocrx_word' id='word_1_29' title='bbox 949 393 1113 431; x_wconf 67' lang='grc' dir='ltr'>κίνδυνος</span> <span class='ocrx_word' id='word_1_30' title='bbox 1152 396 1292 439; x_wconf 77' lang='grc' dir='ltr'>ἔξωθεν.</span> <span class='ocrx_word' id='word_1_31' title='bbox 1361 394 1414 431; x_wconf 69' lang='lat' dir='ltr'>‘O</span> <span class='ocrx_word' id='word_1_32' title='bbox 1452 396 1522 440; x_wconf 77' lang='grc' dir='ltr'>γὰρ</span> <span class='ocrx_word' id='word_1_33' title='bbox 1556 390 1601 435; x_wconf 77' lang='grc' dir='ltr'>ἦν</span> <span class='ocrx_word' id='word_1_34' title='bbox 1634 392 1677 428; x_wconf 78' lang='grc' dir='ltr'>έν</span> 
     </span>
     <span class='ocr_line' id='line_1_5' title="bbox 229 455 1678 508; baseline -0.003 -13"><span class='ocrx_word' id='word_1_35' title='bbox 229 457 403 507; x_wconf 76' lang='grc' dir='ltr'>Γαλατίᾳ</span> <span class='ocrx_word' id='word_1_36' title='bbox 422 459 611 508; x_wconf 81' lang='grc' dir='ltr'>κράτιστον</span> <span class='ocrx_word' id='word_1_37' title='bbox 631 459 704 495; x_wconf 80' lang='grc' dir='ltr'>ἀπὸ</span> <span class='ocrx_word' id='word_1_38' title='bbox 725 466 796 496; x_wconf 84' lang='grc' dir='ltr'>τῶν</span> <span class='ocrx_word' id='word_1_39' title='bbox 815 460 930 495; x_wconf 78' lang='grc' dir='ltr'>ἐθνῶν</span> <span class='ocrx_word' id='word_1_40' title='bbox 959 460 1165 507; x_wconf 80' lang='grc' dir='ltr'>ἀθροισθὲν,</span> <span class='ocrx_word' id='word_1_41' title='bbox 1199 459 1240 494; x_wconf 85' lang='grc' dir='ltr'>έν</span> <span class='ocrx_word' id='word_1_42' title='bbox 1271 458 1396 494; x_wconf 82' lang='grc' dir='ltr'>ὅπλοις</span> <span class='ocrx_word' id='word_1_43' title='bbox 1419 455 1503 500; x_wconf 83' lang='grc' dir='ltr'>ἧκον</span> <span class='ocrx_word' id='word_1_44' title='bbox 1524 457 1583 492; x_wconf 76' lang='grc' dir='ltr'>ἐπὶ</span> <span class='ocrx_word' id='word_1_45' title='bbox 1612 458 1678 500; x_wconf 84' lang='grc' dir='ltr'>τὴν</span> 
     </span>
     <span class='ocr_line' id='line_1_6' title="bbox 231 520 1678 573; baseline -0.003 -14"><span class='ocrx_word' id='word_1_46' title='bbox 231 522 432 567; x_wconf 86' lang='grc' dir='ltr'>Ἀλησίαν,</span> <span class='ocrx_word' id='word_1_47' title='bbox 453 525 644 570; x_wconf 83' lang='grc' dir='ltr'>τριάκοντα</span> <span class='ocrx_word' id='word_1_48' title='bbox 663 522 847 572; x_wconf 73' lang='grc' dir='ltr'>μυριάδες·</span> <span class='ocrx_word' id='word_1_49' title='bbox 878 523 916 559; x_wconf 80' lang='grc' dir='ltr'>αἶ</span> <span class='ocrx_word' id='word_1_50' title='bbox 935 521 963 558; x_wconf 73' lang='grc' dir='ltr'>δ’</span> <span class='ocrx_word' id='word_1_51' title='bbox 983 523 1024 558; x_wconf 84' lang='grc' dir='ltr'>έν</span> <span class='ocrx_word' id='word_1_52' title='bbox 1044 524 1135 573; x_wconf 74' lang='grc' dir='ltr'>αὐτῇ</span> <span class='ocrx_word' id='word_1_53' title='bbox 1156 528 1227 558; x_wconf 85' lang='grc' dir='ltr'>τῶν</span> <span class='ocrx_word' id='word_1_54' title='bbox 1243 524 1468 571; x_wconf 81' lang='grc' dir='ltr'>μαχομένων</span> <span class='ocrx_word' id='word_1_55' title='bbox 1488 521 1549 556; x_wconf 80' lang='grc' dir='ltr'>οὐκ</span> <span class='ocrx_word' id='word_1_56' title='bbox 1570 520 1678 555; x_wconf 81' lang='grc' dir='ltr'>ἐλάτ-</span> 
     </span>
     <span class='ocr_line' id='line_1_7' title="bbox 231 583 1677 634; baseline -0.003 -12"><span class='ocrx_word' id='word_1_57' title='bbox 231 601 331 623; x_wconf 87' lang='grc' dir='ltr'>τονες</span> <span class='ocrx_word' id='word_1_58' title='bbox 350 583 445 628; x_wconf 77' lang='grc' dir='ltr'>ἦσαν</span> <span class='ocrx_word' id='word_1_59' title='bbox 466 583 710 621; x_wconf 67' lang='grc' dir='ltr'>ἑπτακαίδεκα</span> <span class='ocrx_word' id='word_1_60' title='bbox 729 584 927 634; x_wconf 74' lang='grc' dir='ltr'>μυριάδων.</span> <span class='ocrx_word' id='word_1_61' title='bbox 974 584 1089 622; x_wconf 76' lang='grc' dir='ltr'>”Ωττε</span> <span class='ocrx_word' id='word_1_62' title='bbox 1119 586 1160 621; x_wconf 77' lang='grc' dir='ltr'>ἐν</span> <span class='ocrx_word' id='word_1_63' title='bbox 1191 588 1291 634; x_wconf 74' lang='grc' dir='ltr'>μέσῳ</span> <span class='ocrx_word' id='word_1_64' title='bbox 1322 587 1485 633; x_wconf 89' lang='grc' dir='ltr'>πολέμου</span> <span class='ocrx_word' id='word_1_65' title='bbox 1505 583 1677 619; x_wconf 77' lang='grc' dir='ltr'>τοσούτου</span> 
     </span>
     <span class='ocr_line' id='line_1_8' title="bbox 233 645 1678 698; baseline -0.002 -14"><span class='ocrx_word' id='word_1_66' title='bbox 233 649 297 685; x_wconf 80' lang='grc' dir='ltr'>τὸν</span> <span class='ocrx_word' id='word_1_67' title='bbox 316 647 494 695; x_wconf 82' lang='grc' dir='ltr'>Καίσαρα</span> <span class='ocrx_word' id='word_1_68' title='bbox 514 650 806 698; x_wconf 79' lang='grc' dir='ltr'>κατειλημμένον</span> <span class='ocrx_word' id='word_1_69' title='bbox 838 652 895 687; x_wconf 86' lang='grc' dir='ltr'>καὶ</span> <span class='ocrx_word' id='word_1_70' title='bbox 928 649 1237 698; x_wconf 76' lang='grc' dir='ltr'>πολιορκούμενον</span> <span class='ocrx_word' id='word_1_71' title='bbox 1267 649 1553 693; x_wconf 82' lang='grc' dir='ltr'>ἀναγκασθῆναι</span> <span class='ocrx_word' id='word_1_72' title='bbox 1575 645 1678 682; x_wconf 68' lang='grc' dir='ltr'>διττὰ</span> 
     </span>
     <span class='ocr_line' id='line_1_9' title="bbox 233 710 1679 761; baseline -0.001 -15"><span class='ocrx_word' id='word_1_73' title='bbox 233 714 340 761; x_wconf 82' lang='grc' dir='ltr'>τείχη</span> <span class='ocrx_word' id='word_1_74' title='bbox 359 710 628 758; x_wconf 81' lang='grc' dir='ltr'>προβαλέσθαι,</span> <span class='ocrx_word' id='word_1_75' title='bbox 647 712 686 748; x_wconf 84' lang='grc' dir='ltr'>τὸ</span> <span class='ocrx_word' id='word_1_76' title='bbox 705 712 776 760; x_wconf 88' lang='grc' dir='ltr'>μὲν</span> <span class='ocrx_word' id='word_1_77' title='bbox 794 712 879 759; x_wconf 84' lang='grc' dir='ltr'>πρὸς</span> <span class='ocrx_word' id='word_1_78' title='bbox 897 715 963 756; x_wconf 82' lang='grc' dir='ltr'>τὴν</span> <span class='ocrx_word' id='word_1_79' title='bbox 982 715 1106 754; x_wconf 80' lang='grc' dir='ltr'>πόλιν,</span> <span class='ocrx_word' id='word_1_80' title='bbox 1135 712 1174 748; x_wconf 82' lang='grc' dir='ltr'>τὸ</span> <span class='ocrx_word' id='word_1_81' title='bbox 1205 710 1234 747; x_wconf 79' lang='grc' dir='ltr'>δ’</span> <span class='ocrx_word' id='word_1_82' title='bbox 1258 711 1331 747; x_wconf 83' lang='grc' dir='ltr'>ἀπὸ</span> <span class='ocrx_word' id='word_1_83' title='bbox 1360 717 1432 746; x_wconf 86' lang='grc' dir='ltr'>τῶν</span> <span class='ocrx_word' id='word_1_84' title='bbox 1452 710 1679 753; x_wconf 78' lang='grc' dir='ltr'>ἐπεληλυθό-</span> 
     </span>
     <span class='ocr_line' id='line_1_10' title="bbox 233 771 1682 825; baseline -0.001 -15"><span class='ocrx_word' id='word_1_85' title='bbox 233 787 317 818; x_wconf 70' lang='grc' dir='ltr'>των,</span> <span class='ocrx_word' id='word_1_86' title='bbox 351 777 410 818; x_wconf 86' lang='grc' dir='ltr'>ὡς,</span> <span class='ocrx_word' id='word_1_87' title='bbox 444 776 475 811; x_wconf 81' lang='grc' dir='ltr'>εἶ</span> <span class='ocrx_word' id='word_1_88' title='bbox 511 776 725 812; x_wconf 80' lang='grc' dir='ltr'>συνέλθοιεν</span> <span class='ocrx_word' id='word_1_89' title='bbox 744 774 782 810; x_wconf 84' lang='grc' dir='ltr'>αἱ</span> <span class='ocrx_word' id='word_1_90' title='bbox 803 772 990 823; x_wconf 72' lang='grc' dir='ltr'>δυνάμεις,</span> <span class='ocrx_word' id='word_1_91' title='bbox 1010 772 1139 825; x_wconf 76' lang='grc' dir='ltr'>κομιδῇ</span> <span class='ocrx_word' id='word_1_92' title='bbox 1160 771 1496 822; x_wconf 76' lang='grc' dir='ltr'>διαπεπραγμένων</span> <span class='ocrx_word' id='word_1_93' title='bbox 1514 779 1584 809; x_wconf 86' lang='grc' dir='ltr'>τῶν</span> <span class='ocrx_word' id='word_1_94' title='bbox 1604 773 1682 809; x_wconf 73' lang='grc' dir='ltr'>καθ’</span> 
     </span>
     <span class='ocr_line' id='line_1_11' title="bbox 235 834 1681 888; baseline -0.001 -14"><span class='ocrx_word' id='word_1_95' title='bbox 235 837 358 873; x_wconf 67' lang='grc' dir='ltr'>αὑτόν.</span> <span class='ocrx_word' id='word_1_96' title='bbox 413 836 482 874; x_wconf 85' lang='grc' dir='ltr'>Διὰ</span> <span class='ocrx_word' id='word_1_97' title='bbox 514 841 637 874; x_wconf 84' lang='grc' dir='ltr'>πολλὰ</span> <span class='ocrx_word' id='word_1_98' title='bbox 669 839 740 888; x_wconf 87' lang='grc' dir='ltr'>μὲν</span> <span class='ocrx_word' id='word_1_99' title='bbox 773 835 836 874; x_wconf 72' lang='grc' dir='ltr'>οὖν</span> <span class='ocrx_word' id='word_1_100' title='bbox 869 839 1009 874; x_wconf 81' lang='grc' dir='ltr'>εἰκότως</span> <span class='ocrx_word' id='word_1_101' title='bbox 1043 837 1061 872; x_wconf 86' lang='grc' dir='ltr'><strong>ὁ</strong></span> <span class='ocrx_word' id='word_1_102' title='bbox 1096 836 1180 885; x_wconf 85' lang='grc' dir='ltr'>πρὸς</span> <span class='ocrx_word' id='word_1_103' title='bbox 1209 836 1375 884; x_wconf 79' lang='grc' dir='ltr'>Ἀλησίᾳ</span> <span class='ocrx_word' id='word_1_104' title='bbox 1408 834 1568 872; x_wconf 76' lang='grc' dir='ltr'>κίνδυνος</span> <span class='ocrx_word' id='word_1_105' title='bbox 1589 837 1681 885; x_wconf 81' lang='grc' dir='ltr'>ἔσχε</span> 
     </span>
     <span class='ocr_line' id='line_1_12' title="bbox 235 896 1683 951; baseline -0.002 -15"><span class='ocrx_word' id='word_1_106' title='bbox 235 898 358 945; x_wconf 65' lang='grc' dir='ltr'>δόξαν,</span> <span class='ocrx_word' id='word_1_107' title='bbox 387 903 432 937; x_wconf 84' lang='grc' dir='ltr'>ὡς</span> <span class='ocrx_word' id='word_1_108' title='bbox 464 901 557 948; x_wconf 83' lang='grc' dir='ltr'>ἔργα</span> <span class='ocrx_word' id='word_1_109' title='bbox 577 903 709 951; x_wconf 85' lang='grc' dir='ltr'>τόλμης</span> <span class='ocrx_word' id='word_1_110' title='bbox 729 903 786 936; x_wconf 81' lang='grc' dir='ltr'>καὶ</span> <span class='ocrx_word' id='word_1_111' title='bbox 807 898 1023 945; x_wconf 70' lang='grc' dir='ltr'>δεινότητος,</span> <span class='ocrx_word' id='word_1_112' title='bbox 1055 897 1115 935; x_wconf 72' lang='grc' dir='ltr'>οἷα</span> <span class='ocrx_word' id='word_1_113' title='bbox 1142 905 1213 936; x_wconf 82' lang='grc' dir='ltr'>τῶν</span> <span class='ocrx_word' id='word_1_114' title='bbox 1242 900 1369 934; x_wconf 78' lang='grc' dir='ltr'>ἄλλων</span> <span class='ocrx_word' id='word_1_115' title='bbox 1389 899 1547 944; x_wconf 76' lang='grc' dir='ltr'>ἀγώνων</span> <span class='ocrx_word' id='word_1_116' title='bbox 1568 896 1683 934; x_wconf 74' lang='grc' dir='ltr'>οὐδεὶς</span> 
     </span>
     <span class='ocr_line' id='line_1_13' title="bbox 235 961 1684 1013; baseline -0.001 -15"><span class='ocrx_word' id='word_1_117' title='bbox 235 965 531 1013; x_wconf 80' lang='grc' dir='ltr'>παρασχόμενος·</span> <span class='ocrx_word' id='word_1_118' title='bbox 559 964 724 1012; x_wconf 77' lang='grc' dir='ltr'>μάλιστα</span> <span class='ocrx_word' id='word_1_119' title='bbox 745 963 775 1000; x_wconf 76' lang='grc' dir='ltr'>δ’</span> <span class='ocrx_word' id='word_1_120' title='bbox 795 965 842 999; x_wconf 80' lang='grc' dir='ltr'>ἄν</span> <span class='ocrx_word' id='word_1_121' title='bbox 872 979 923 1000; x_wconf 89' lang='grc' dir='ltr'>τις</span> <span class='ocrx_word' id='word_1_122' title='bbox 954 963 1157 1012; x_wconf 76' lang='grc' dir='ltr'>θαυμάσειε</span> <span class='ocrx_word' id='word_1_123' title='bbox 1190 961 1230 998; x_wconf 80' lang='grc' dir='ltr'>τὸ</span> <span class='ocrx_word' id='word_1_124' title='bbox 1259 962 1420 998; x_wconf 51' lang='grc' dir='ltr'>λαθεῖνῖ</span> <span class='ocrx_word' id='word_1_125' title='bbox 1453 961 1532 997; x_wconf 79' lang='grc' dir='ltr'>τοὺς</span> <span class='ocrx_word' id='word_1_126' title='bbox 1567 961 1608 997; x_wconf 77' lang='grc' dir='ltr'>ἑν</span> <span class='ocrx_word' id='word_1_127' title='bbox 1641 962 1684 1012; x_wconf 78' lang='grc' dir='ltr'>τῇ</span> 
     </span>
     <span class='ocr_line' id='line_1_14' title="bbox 236 1023 1685 1075; baseline -0.001 -13"><span class='ocrx_word' id='word_1_128' title='bbox 236 1028 342 1063; x_wconf 89' lang='grc' dir='ltr'>πόλει</span> <span class='ocrx_word' id='word_1_129' title='bbox 364 1026 540 1073; x_wconf 84' lang='grc' dir='ltr'>Καίσαρα</span> <span class='ocrx_word' id='word_1_130' title='bbox 561 1026 753 1063; x_wconf 78' lang='grc' dir='ltr'>τοσαύταις</span> <span class='ocrx_word' id='word_1_131' title='bbox 772 1026 919 1075; x_wconf 79' lang='grc' dir='ltr'>μυριάσι</span> <span class='ocrx_word' id='word_1_132' title='bbox 952 1031 1030 1062; x_wconf 80' lang='grc' dir='ltr'>ταῖς</span> <span class='ocrx_word' id='word_1_133' title='bbox 1061 1026 1124 1070; x_wconf 74' lang='grc' dir='ltr'>ἔξω</span> <span class='ocrx_word' id='word_1_134' title='bbox 1155 1023 1395 1073; x_wconf 80' lang='grc' dir='ltr'>συμβαλόντα</span> <span class='ocrx_word' id='word_1_135' title='bbox 1417 1025 1474 1060; x_wconf 85' lang='grc' dir='ltr'>καὶ</span> <span class='ocrx_word' id='word_1_136' title='bbox 1495 1026 1685 1071; x_wconf 84' lang='grc' dir='ltr'>περιγενό-</span> 
     </span>
     <span class='ocr_line' id='line_1_15' title="bbox 233 1087 1684 1140; baseline -0.002 -13"><span class='ocrx_word' id='word_1_137' title='bbox 233 1102 361 1138; x_wconf 89' lang='grc' dir='ltr'>μενον·</span> <span class='ocrx_word' id='word_1_138' title='bbox 391 1092 540 1140; x_wconf 88' lang='grc' dir='ltr'>μᾶλλον</span> <span class='ocrx_word' id='word_1_139' title='bbox 573 1089 613 1126; x_wconf 77' lang='grc' dir='ltr'>δὲ</span> <span class='ocrx_word' id='word_1_140' title='bbox 643 1092 701 1127; x_wconf 87' lang='grc' dir='ltr'>καὶ</span> <span class='ocrx_word' id='word_1_141' title='bbox 733 1096 801 1127; x_wconf 79' lang='grc' dir='ltr'>τῶν</span> <span class='ocrx_word' id='word_1_142' title='bbox 838 1090 1033 1139; x_wconf 88' lang='grc' dir='ltr'>Ῥωμαίων</span> <span class='ocrx_word' id='word_1_143' title='bbox 1064 1087 1144 1126; x_wconf 74' lang='grc' dir='ltr'>τοὺς</span> <span class='ocrx_word' id='word_1_144' title='bbox 1174 1089 1213 1126; x_wconf 86' lang='grc' dir='ltr'>τὸ</span> <span class='ocrx_word' id='word_1_145' title='bbox 1246 1088 1331 1137; x_wconf 78' lang='grc' dir='ltr'>πρὸς</span> <span class='ocrx_word' id='word_1_146' title='bbox 1361 1091 1404 1140; x_wconf 79' lang='grc' dir='ltr'>τῇ</span> <span class='ocrx_word' id='word_1_147' title='bbox 1434 1090 1541 1123; x_wconf 82' lang='grc' dir='ltr'>πόλει</span> <span class='ocrx_word' id='word_1_148' title='bbox 1561 1093 1684 1137; x_wconf 84' lang='grc' dir='ltr'>τεῖχος</span> 
     </span>
     <span class='ocr_line' id='line_1_16' title="bbox 235 1151 1685 1205; baseline -0.003 -15"><span class='ocrx_word' id='word_1_149' title='bbox 235 1154 496 1200; x_wconf 77' lang='grc' dir='ltr'>φυλάττοντας.</span> <span class='ocrx_word' id='word_1_150' title='bbox 551 1152 610 1191; x_wconf 74' lang='lat' dir='ltr'>Ob</span> <span class='ocrx_word' id='word_1_151' title='bbox 631 1157 704 1203; x_wconf 80' lang='grc' dir='ltr'>γὰρ</span> <span class='ocrx_word' id='word_1_152' title='bbox 723 1155 897 1203; x_wconf 84' lang='grc' dir='ltr'>πρότερον</span> <span class='ocrx_word' id='word_1_153' title='bbox 916 1154 1071 1205; x_wconf 84' lang='grc' dir='ltr'>ᾔσθοντο</span> <span class='ocrx_word' id='word_1_154' title='bbox 1090 1154 1155 1196; x_wconf 87' lang='grc' dir='ltr'>τὴν</span> <span class='ocrx_word' id='word_1_155' title='bbox 1176 1155 1290 1196; x_wconf 84' lang='grc' dir='ltr'>νίκην,</span> <span class='ocrx_word' id='word_1_156' title='bbox 1317 1152 1338 1195; x_wconf 82' lang='grc' dir='ltr'>ἢ</span> <span class='ocrx_word' id='word_1_157' title='bbox 1359 1151 1547 1198; x_wconf 77' lang='grc' dir='ltr'>κλαυθμὸν</span> <span class='ocrx_word' id='word_1_158' title='bbox 1568 1151 1606 1186; x_wconf 81' lang='grc' dir='ltr'>ἐκ</span> <span class='ocrx_word' id='word_1_159' title='bbox 1625 1156 1685 1194; x_wconf 89' lang='grc' dir='ltr'>τῆς</span> 
     </span>
     <span class='ocr_line' id='line_1_17' title="bbox 233 1216 1684 1267; baseline -0.003 -13"><span class='ocrx_word' id='word_1_160' title='bbox 233 1217 418 1262; x_wconf 82' lang='grc' dir='ltr'>Ἀλησίας</span> <span class='ocrx_word' id='word_1_161' title='bbox 436 1216 580 1267; x_wconf 68' lang='grc' dir='ltr'>ἀνδρῶν</span> <span class='ocrx_word' id='word_1_162' title='bbox 599 1220 657 1254; x_wconf 86' lang='grc' dir='ltr'>καὶ</span> <span class='ocrx_word' id='word_1_163' title='bbox 679 1218 831 1255; x_wconf 86' lang='grc' dir='ltr'>κοπετὸν</span> <span class='ocrx_word' id='word_1_164' title='bbox 863 1223 1048 1266; x_wconf 80' lang='grc' dir='ltr'>γυναικῶν</span> <span class='ocrx_word' id='word_1_165' title='bbox 1080 1218 1319 1258; x_wconf 80' lang='grc' dir='ltr'>ἀκουσθῆναι,</span> <span class='ocrx_word' id='word_1_166' title='bbox 1349 1216 1591 1263; x_wconf 82' lang='grc' dir='ltr'>θεασαμένων</span> <span class='ocrx_word' id='word_1_167' title='bbox 1613 1216 1684 1262; x_wconf 78' lang='grc' dir='ltr'>ἄρα</span> 
     </span>
     <span class='ocr_line' id='line_1_18' title="bbox 238 1280 1686 1331; baseline -0.001 -15"><span class='ocrx_word' id='word_1_168' title='bbox 238 1283 329 1317; x_wconf 79' lang='grc' dir='ltr'>κατὰ</span> <span class='ocrx_word' id='word_1_169' title='bbox 366 1282 500 1328; x_wconf 86' lang='grc' dir='ltr'>θάτερα</span> <span class='ocrx_word' id='word_1_170' title='bbox 536 1283 628 1330; x_wconf 89' lang='grc' dir='ltr'>μέρη</span> <span class='ocrx_word' id='word_1_171' title='bbox 667 1282 826 1318; x_wconf 72' lang='grc' dir='ltr'>πολλοὺς</span> <span class='ocrx_word' id='word_1_172' title='bbox 861 1282 932 1331; x_wconf 85' lang='grc' dir='ltr'>μὲν</span> <span class='ocrx_word' id='word_1_173' title='bbox 969 1280 1114 1330; x_wconf 70' lang='grc' dir='ltr'>ἀργύρῳ</span> <span class='ocrx_word' id='word_1_174' title='bbox 1150 1281 1208 1315; x_wconf 85' lang='grc' dir='ltr'>καὶ</span> <span class='ocrx_word' id='word_1_175' title='bbox 1246 1281 1370 1329; x_wconf 76' lang='grc' dir='ltr'>χρυσῷ</span> <span class='ocrx_word' id='word_1_176' title='bbox 1397 1281 1686 1327; x_wconf 81' lang='grc' dir='ltr'>κεκοσμημένους</span> 
     </span>
     <span class='ocr_line' id='line_1_19' title="bbox 238 1341 1686 1395; baseline -0.001 -16"><span class='ocrx_word' id='word_1_177' title='bbox 238 1341 394 1390; x_wconf 73' lang='grc' dir='ltr'>θυρεοῦς,</span> <span class='ocrx_word' id='word_1_178' title='bbox 414 1342 573 1380; x_wconf 78' lang='grc' dir='ltr'>πολλοὺς</span> <span class='ocrx_word' id='word_1_179' title='bbox 593 1342 622 1379; x_wconf 74' lang='grc' dir='ltr'>δ’</span> <span class='ocrx_word' id='word_1_180' title='bbox 642 1345 772 1394; x_wconf 77' lang='grc' dir='ltr'>αἵματι</span> <span class='ocrx_word' id='word_1_181' title='bbox 790 1347 1038 1395; x_wconf 86' lang='grc' dir='ltr'>πεφυρμένους</span> <span class='ocrx_word' id='word_1_182' title='bbox 1057 1344 1232 1391; x_wconf 76' lang='grc' dir='ltr'>θώρακας,</span> <span class='ocrx_word' id='word_1_183' title='bbox 1254 1343 1307 1379; x_wconf 79' lang='grc' dir='ltr'>ἔτι</span> <span class='ocrx_word' id='word_1_184' title='bbox 1338 1341 1367 1378; x_wconf 75' lang='grc' dir='ltr'>δ’</span> <span class='ocrx_word' id='word_1_185' title='bbox 1397 1343 1593 1391; x_wconf 78' lang='grc' dir='ltr'>ἐκπώματα</span> <span class='ocrx_word' id='word_1_186' title='bbox 1627 1343 1686 1377; x_wconf 84' lang='grc' dir='ltr'>καὶ</span> 
     </span>
     <span class='ocr_line' id='line_1_20' title="bbox 239 1404 1684 1457; baseline -0.001 -15"><span class='ocrx_word' id='word_1_187' title='bbox 239 1407 371 1451; x_wconf 77' lang='grc' dir='ltr'>σκηνὰς</span> <span class='ocrx_word' id='word_1_188' title='bbox 407 1405 618 1443; x_wconf 83' lang='grc' dir='ltr'>Γαλατικὰς</span> <span class='ocrx_word' id='word_1_189' title='bbox 654 1407 723 1444; x_wconf 79' lang='grc' dir='ltr'>ὑπὸ</span> <span class='ocrx_word' id='word_1_190' title='bbox 759 1407 952 1457; x_wconf 87' lang='grc' dir='ltr'>Ῥωμαίων</span> <span class='ocrx_word' id='word_1_191' title='bbox 989 1409 1040 1444; x_wconf 87' lang='grc' dir='ltr'>εἷς</span> <span class='ocrx_word' id='word_1_192' title='bbox 1073 1407 1114 1444; x_wconf 84' lang='grc' dir='ltr'>τὸ</span> <span class='ocrx_word' id='word_1_193' title='bbox 1150 1404 1395 1454; x_wconf 77' lang='grc' dir='ltr'>στρατόπεδον</span> <span class='ocrx_word' id='word_1_194' title='bbox 1428 1405 1684 1454; x_wconf 79' lang='grc' dir='ltr'>κομιΞομένας.</span> 
     </span>
     <span class='ocr_line' id='line_1_21' title="bbox 236 1467 1685 1519; baseline -0.001 -14"><span class='ocrx_word' id='word_1_195' title='bbox 236 1467 362 1506; x_wconf 77' lang='grc' dir='ltr'>Οὕτως</span> <span class='ocrx_word' id='word_1_196' title='bbox 381 1469 486 1514; x_wconf 76' lang='grc' dir='ltr'>ὀξέως</span> <span class='ocrx_word' id='word_1_197' title='bbox 500 1471 513 1491; x_wconf 80' lang='lat'>³</span> <span class='ocrx_word' id='word_1_198' title='bbox 545 1471 567 1514; x_wconf 81' lang='grc' dir='ltr'>ἡ</span> <span class='ocrx_word' id='word_1_199' title='bbox 586 1470 746 1515; x_wconf 67' lang='grc' dir='ltr'>τοσαύτη</span> <span class='ocrx_word' id='word_1_200' title='bbox 768 1468 933 1519; x_wconf 75' lang='grc' dir='ltr'>δύναμις,</span> <span class='ocrx_word' id='word_1_201' title='bbox 955 1473 1076 1518; x_wconf 80' lang='grc' dir='ltr'>ὥσπερ</span> <span class='ocrx_word' id='word_1_202' title='bbox 1096 1467 1265 1513; x_wconf 67' lang='grc' dir='ltr'>ε’ίδωλον,</span> <span class='ocrx_word' id='word_1_203' title='bbox 1288 1470 1308 1512; x_wconf 79' lang='grc' dir='ltr'>ἢ</span> <span class='ocrx_word' id='word_1_204' title='bbox 1330 1469 1485 1516; x_wconf 84' lang='grc' dir='ltr'>ὄνειρον,</span> <span class='ocrx_word' id='word_1_205' title='bbox 1508 1468 1685 1518; x_wconf 72' lang='grc' dir='ltr'>ἠφάνιστο</span> 
     </span>
     <span class='ocr_line' id='line_1_22' title="bbox 239 1530 1687 1587; baseline -0.001 -18"><span class='ocrx_word' id='word_1_206' title='bbox 239 1535 295 1569; x_wconf 76' lang='grc' dir='ltr'>καὶ</span> <span class='ocrx_word' id='word_1_207' title='bbox 325 1531 577 1582; x_wconf 78' lang='grc' dir='ltr'>διεπεφόρητο,</span> <span class='ocrx_word' id='word_1_208' title='bbox 610 1539 681 1570; x_wconf 85' lang='grc' dir='ltr'>τῶν</span> <span class='ocrx_word' id='word_1_209' title='bbox 712 1536 900 1571; x_wconf 80' lang='grc' dir='ltr'>πλείστων</span> <span class='ocrx_word' id='word_1_210' title='bbox 933 1534 974 1570; x_wconf 83' lang='grc' dir='ltr'>έν</span> <span class='ocrx_word' id='word_1_211' title='bbox 1007 1537 1051 1587; x_wconf 72' lang='grc' dir='ltr'>τῇ</span> <span class='ocrx_word' id='word_1_212' title='bbox 1081 1534 1185 1584; x_wconf 77' lang='grc' dir='ltr'>μάχῃ</span> <span class='ocrx_word' id='word_1_213' title='bbox 1214 1534 1414 1569; x_wconf 83' lang='grc' dir='ltr'>πεσόντων.</span> <span class='ocrx_word' id='word_1_214' title='bbox 1469 1530 1520 1569; x_wconf 84' lang='grc' dir='ltr'>Οἱ</span> <span class='ocrx_word' id='word_1_215' title='bbox 1549 1530 1588 1568; x_wconf 77' lang='grc' dir='ltr'>δὲ</span> <span class='ocrx_word' id='word_1_216' title='bbox 1621 1534 1687 1576; x_wconf 88' lang='grc' dir='ltr'>τὴν</span> 
     </span>
     <span class='ocr_line' id='line_1_23' title="bbox 1573 1594 1590 1615; baseline 0 -6"><span class='ocrx_word' id='word_1_217' title='bbox 1573 1594 1590 1615; x_wconf 68' lang='lat'>4</span> 
     </span>
    </p>
   </div>
   <div class='ocr_carea' id='block_1_3' title="bbox 236 1596 1688 1647">
    <p class='ocr_par' dir='ltr' id='par_1_3' title="bbox 236 1596 1688 1647">
     <span class='ocr_line' id='line_1_24' title="bbox 236 1596 1688 1647; baseline -0.001 -15"><span class='ocrx_word' id='word_1_218' title='bbox 236 1597 425 1640; x_wconf 85' lang='grc' dir='ltr'>Ἀλησίαν</span> <span class='ocrx_word' id='word_1_219' title='bbox 458 1597 618 1646; x_wconf 82' lang='grc' dir='ltr'>ἔχοντες,</span> <span class='ocrx_word' id='word_1_220' title='bbox 657 1597 721 1633; x_wconf 78' lang='grc' dir='ltr'>οὒκ</span> <span class='ocrx_word' id='word_1_221' title='bbox 752 1598 866 1645; x_wconf 84' lang='grc' dir='ltr'>ὀλίγα</span> <span class='ocrx_word' id='word_1_222' title='bbox 900 1601 1102 1647; x_wconf 83' lang='grc' dir='ltr'>πράγματα</span> <span class='ocrx_word' id='word_1_223' title='bbox 1134 1598 1390 1646; x_wconf 86' lang='grc' dir='ltr'>παρασχόντες</span> <span class='ocrx_word' id='word_1_224' title='bbox 1420 1596 1559 1632; x_wconf 83' lang='grc' dir='ltr'>ἑαυτοῖς</span> <span class='ocrx_word' id='word_1_225' title='bbox 1627 1596 1688 1631; x_wconf 83' lang='grc' dir='ltr'>καὶ</span> 
     </span>
    </p>
   </div>
   <div class='ocr_carea' id='block_1_4' title="bbox 236 1658 1688 1835">
    <p class='ocr_par' dir='ltr' id='par_1_4' title="bbox 236 1658 1688 1835">
     <span class='ocr_line' id='line_1_25' title="bbox 236 1658 1688 1709; baseline -0.001 -13"><span class='ocrx_word' id='word_1_226' title='bbox 236 1659 417 1708; x_wconf 87' lang='grc' dir='ltr'>Καίσαρι,</span> <span class='ocrx_word' id='word_1_227' title='bbox 451 1663 553 1696; x_wconf 89' lang='grc' dir='ltr'>τέλος</span> <span class='ocrx_word' id='word_1_228' title='bbox 583 1658 794 1709; x_wconf 79' lang='grc' dir='ltr'>παρέδοσαν</span> <span class='ocrx_word' id='word_1_229' title='bbox 823 1662 984 1698; x_wconf 84' lang='grc' dir='ltr'>ἑαυτούς.</span> <span class='ocrx_word' id='word_1_230' title='bbox 1053 1660 1101 1697; x_wconf 86' lang='lat' dir='ltr'>&#39;O</span> <span class='ocrx_word' id='word_1_231' title='bbox 1130 1658 1169 1696; x_wconf 73' lang='grc' dir='ltr'>δὲ</span> <span class='ocrx_word' id='word_1_232' title='bbox 1201 1667 1264 1696; x_wconf 91' lang='grc' dir='ltr'>τοῦ</span> <span class='ocrx_word' id='word_1_233' title='bbox 1297 1660 1505 1708; x_wconf 77' lang='grc' dir='ltr'>σύμπαντος</span> <span class='ocrx_word' id='word_1_234' title='bbox 1538 1660 1688 1708; x_wconf 79' lang='grc' dir='ltr'>ἡγεμὼν</span> 
     </span>
     <span class='ocr_line' id='line_1_26' title="bbox 238 1721 1688 1772; baseline -0.001 -13"><span class='ocrx_word' id='word_1_235' title='bbox 238 1725 414 1772; x_wconf 87' lang='grc' dir='ltr'>πολέμου,</span> <span class='ocrx_word' id='word_1_236' title='bbox 434 1721 712 1772; x_wconf 75' lang='grc' dir='ltr'>Οὐεργεντόριξ,</span> <span class='ocrx_word' id='word_1_237' title='bbox 741 1722 950 1771; x_wconf 84' lang='grc' dir='ltr'>ἀναλαβὼν</span> <span class='ocrx_word' id='word_1_238' title='bbox 980 1730 1052 1760; x_wconf 83' lang='grc' dir='ltr'>τῶν</span> <span class='ocrx_word' id='word_1_239' title='bbox 1080 1722 1206 1759; x_wconf 85' lang='grc' dir='ltr'>ὅπλων</span> <span class='ocrx_word' id='word_1_240' title='bbox 1236 1725 1281 1758; x_wconf 84' lang='grc' dir='ltr'>τὰ</span> <span class='ocrx_word' id='word_1_241' title='bbox 1313 1725 1507 1765; x_wconf 85' lang='grc' dir='ltr'>κάλλιστα,</span> <span class='ocrx_word' id='word_1_242' title='bbox 1529 1722 1587 1758; x_wconf 83' lang='grc' dir='ltr'>καὶ</span> <span class='ocrx_word' id='word_1_243' title='bbox 1607 1736 1688 1758; x_wconf 91' lang='grc' dir='ltr'>κοσ-</span> 
     </span>
     <span class='ocr_line' id='line_1_27' title="bbox 236 1784 1687 1835; baseline -0.002 -12"><span class='ocrx_word' id='word_1_244' title='bbox 236 1790 357 1834; x_wconf 88' lang='grc' dir='ltr'>μήσας</span> <span class='ocrx_word' id='word_1_245' title='bbox 388 1786 451 1824; x_wconf 84' lang='grc' dir='ltr'>τὸν</span> <span class='ocrx_word' id='word_1_246' title='bbox 483 1786 610 1831; x_wconf 82' lang='grc' dir='ltr'>ἰ’ππον,</span> <span class='ocrx_word' id='word_1_247' title='bbox 642 1787 870 1833; x_wconf 78' lang='grc' dir='ltr'>ἐξιππάσατο</span> <span class='ocrx_word' id='word_1_248' title='bbox 909 1785 970 1823; x_wconf 76' lang='grc' dir='ltr'>διὰ</span> <span class='ocrx_word' id='word_1_249' title='bbox 1007 1792 1078 1823; x_wconf 86' lang='grc' dir='ltr'>τῶν</span> <span class='ocrx_word' id='word_1_250' title='bbox 1110 1788 1249 1823; x_wconf 84' lang='grc' dir='ltr'>πυλῶν·</span> <span class='ocrx_word' id='word_1_251' title='bbox 1280 1786 1340 1821; x_wconf 87' lang='grc' dir='ltr'>καὶ</span> <span class='ocrx_word' id='word_1_252' title='bbox 1376 1785 1490 1835; x_wconf 68' lang='grc' dir='ltr'>κύκλῳ</span> <span class='ocrx_word' id='word_1_253' title='bbox 1523 1786 1603 1832; x_wconf 88' lang='grc' dir='ltr'>περὶ</span> <span class='ocrx_word' id='word_1_254' title='bbox 1623 1784 1687 1821; x_wconf 80' lang='grc' dir='ltr'>τὸν</span> 
     </span>
    </p>
   </div>
   <div class='ocr_carea' id='block_1_5' title="bbox 237 1848 1688 1901">
    <p class='ocr_par' dir='ltr' id='par_1_5' title="bbox 237 1848 1688 1901">
     <span class='ocr_line' id='line_1_28' title="bbox 237 1848 1688 1901; baseline -0.001 -15"><span class='ocrx_word' id='word_1_255' title='bbox 237 1848 416 1898; x_wconf 83' lang='grc' dir='ltr'>Καίσαρα</span> <span class='ocrx_word' id='word_1_256' title='bbox 443 1851 722 1901; x_wconf 75' lang='grc' dir='ltr'>καθεὲόμενον5</span> <span class='ocrx_word' id='word_1_257' title='bbox 757 1851 909 1896; x_wconf 80' lang='grc' dir='ltr'>ἐλάσας,</span> <span class='ocrx_word' id='word_1_258' title='bbox 942 1848 1006 1888; x_wconf 77' lang='grc' dir='ltr'>εἶτ’</span> <span class='ocrx_word' id='word_1_259' title='bbox 1037 1851 1271 1901; x_wconf 82' lang='grc' dir='ltr'>ἀφαλόμενος</span> <span class='ocrx_word' id='word_1_260' title='bbox 1296 1854 1358 1886; x_wconf 84' lang='grc' dir='ltr'>τοῦ</span> <span class='ocrx_word' id='word_1_261' title='bbox 1386 1848 1513 1893; x_wconf 78' lang='grc' dir='ltr'>ἵππου,</span> <span class='ocrx_word' id='word_1_262' title='bbox 1534 1850 1599 1893; x_wconf 77' lang='grc' dir='ltr'>τὴν</span> <span class='ocrx_word' id='word_1_263' title='bbox 1618 1848 1688 1897; x_wconf 82' lang='grc' dir='ltr'>μὲν</span> 
     </span>
    </p>
   </div>
   <div class='ocr_carea' id='block_1_6' title="bbox 901 1977 1040 2008">
    <p class='ocr_par' dir='ltr' id='par_1_6' title="bbox 901 1977 1040 2008">
     <span class='ocr_line' id='line_1_29' title="bbox 901 1977 1040 2008; baseline 0 0"><span class='ocrx_word' id='word_1_264' title='bbox 901 1978 930 2008; x_wconf 79' lang='grc' dir='ltr'>Ν</span> <span class='ocrx_word' id='word_1_265' title='bbox 938 1977 1040 2008; x_wconf 83' lang='lat' dir='ltr'>OTAE</span> 
     </span>
    </p>
   </div>
   <div class='ocr_carea' id='block_1_7' title="bbox 236 2053 940 2738">
    <p class='ocr_par' dir='ltr' id='par_1_7' title="bbox 236 2053 938 2336">
     <span class='ocr_line' id='line_1_30' title="bbox 238 2053 934 2094; baseline 0.004 -10"><span class='ocrx_word' id='word_1_266' title='bbox 238 2053 353 2085; x_wconf 65' lang='lat' dir='ltr'>Alesia</span> <span class='ocrx_word' id='word_1_267' title='bbox 367 2059 442 2085; x_wconf 90' lang='lat' dir='ltr'>erat</span> <span class='ocrx_word' id='word_1_268' title='bbox 457 2054 488 2085; x_wconf 91' lang='lat' dir='ltr'>in</span> <span class='ocrx_word' id='word_1_269' title='bbox 504 2053 627 2086; x_wconf 82' lang='lat' dir='ltr'>finibus</span> <span class='ocrx_word' id='word_1_270' title='bbox 652 2055 934 2094; x_wconf 84' lang='lat' dir='ltr'>Mandubiorum;</span> 
     </span>
     <span class='ocr_line' id='line_1_31' title="bbox 238 2105 938 2147; baseline 0.003 -12"><span class='ocrx_word' id='word_1_271' title='bbox 238 2105 273 2136; x_wconf 94' lang='lat' dir='ltr'>in</span> <span class='ocrx_word' id='word_1_272' title='bbox 303 2115 402 2146; x_wconf 80' lang='lat' dir='ltr'>quani</span> <span class='ocrx_word' id='word_1_273' title='bbox 432 2114 542 2138; x_wconf 70' lang='lat' dir='ltr'>Lxxx.</span> <span class='ocrx_word' id='word_1_274' title='bbox 571 2106 677 2137; x_wconf 87' lang='lat' dir='ltr'>millia</span> <span class='ocrx_word' id='word_1_275' title='bbox 703 2105 938 2147; x_wconf 79' lang='lat' dir='ltr'>confugerant,</span> 
     </span>
     <span class='ocr_line' id='line_1_32' title="bbox 237 2155 937 2197; baseline 0.003 -11"><span class='ocrx_word' id='word_1_276' title='bbox 237 2155 280 2186; x_wconf 83' lang='lat' dir='ltr'>ad</span> <span class='ocrx_word' id='word_1_277' title='bbox 322 2166 397 2197; x_wconf 87' lang='lat' dir='ltr'>quae</span> <span class='ocrx_word' id='word_1_278' title='bbox 439 2155 611 2187; x_wconf 82' lang='lat' dir='ltr'>obsidione</span> <span class='ocrx_word' id='word_1_279' title='bbox 652 2156 826 2188; x_wconf 89' lang='lat' dir='ltr'>liberanda</span> <span class='ocrx_word' id='word_1_280' title='bbox 856 2166 937 2189; x_wconf 83' lang='lat' dir='ltr'>vm.</span> 
     </span>
     <span class='ocr_line' id='line_1_33' title="bbox 239 2205 937 2246; baseline 0.003 -9"><span class='ocrx_word' id='word_1_281' title='bbox 239 2205 391 2246; x_wconf 84' lang='lat' dir='ltr'>equitum</span> <span class='ocrx_word' id='word_1_282' title='bbox 421 2210 456 2236; x_wconf 91' lang='lat' dir='ltr'>et</span> <span class='ocrx_word' id='word_1_283' title='bbox 486 2205 638 2246; x_wconf 88' lang='lat' dir='ltr'>peditum</span> <span class='ocrx_word' id='word_1_284' title='bbox 668 2207 806 2238; x_wconf 83' lang='lat' dir='ltr'><strong>circiter</strong></span> <span class='ocrx_word' id='word_1_285' title='bbox 834 2216 937 2239; x_wconf 76' lang='lat' dir='ltr'>ccxi„</span> 
     </span>
     <span class='ocr_line' id='line_1_34' title="bbox 236 2255 938 2297; baseline 0.003 -11"><span class='ocrx_word' id='word_1_286' title='bbox 236 2255 345 2286; x_wconf 87' lang='lat' dir='ltr'>millia</span> <span class='ocrx_word' id='word_1_287' title='bbox 359 2260 478 2287; x_wconf 85' lang='lat' dir='ltr'>coacta</span> <span class='ocrx_word' id='word_1_288' title='bbox 490 2260 599 2295; x_wconf 88' lang='lat' dir='ltr'>erant,</span> <span class='ocrx_word' id='word_1_289' title='bbox 613 2256 747 2288; x_wconf 78' lang='lat' dir='ltr'>Caesare</span> <span class='ocrx_word' id='word_1_290' title='bbox 761 2262 863 2297; x_wconf 86' lang='lat' dir='ltr'>teste,</span> <span class='ocrx_word' id='word_1_291' title='bbox 874 2266 938 2289; x_wconf 89' lang='lat' dir='ltr'>vu.</span> 
     </span>
     <span class='ocr_line' id='line_1_35' title="bbox 238 2306 409 2336; baseline 0.006 -1"><span class='ocrx_word' id='word_1_292' title='bbox 238 2306 290 2335; x_wconf 79' lang='lat'>⁷1.</span> <span class='ocrx_word' id='word_1_293' title='bbox 306 2308 342 2335; x_wconf 89' lang='lat' dir='ltr'>et</span> <span class='ocrx_word' id='word_1_294' title='bbox 356 2306 409 2336; x_wconf 80' lang='grc'>76.</span> 
     </span>
    </p>

    <p class='ocr_par' dir='ltr' id='par_1_8' title="bbox 239 2353 940 2738">
     <span class='ocr_line' id='line_1_36' title="bbox 280 2353 939 2397; baseline 0.002 -11"><span class='ocrx_word' id='word_1_295' title='bbox 280 2357 301 2386; x_wconf 75' lang='grc'>2</span> <span class='ocrx_word' id='word_1_296' title='bbox 322 2353 364 2386; x_wconf 80' lang='grc' dir='ltr'>Τὸ</span> <span class='ocrx_word' id='word_1_297' title='bbox 393 2355 513 2395; x_wconf 77' lang='grc' dir='ltr'>λαθεῖν]</span> <span class='ocrx_word' id='word_1_298' title='bbox 558 2355 711 2387; x_wconf 79' lang='lat' dir='ltr'>Minime.</span> <span class='ocrx_word' id='word_1_299' title='bbox 756 2356 939 2397; x_wconf 87' lang='lat' dir='ltr'>Vercinge-</span> 
     </span>
     <span class='ocr_line' id='line_1_37' title="bbox 240 2404 939 2446; baseline 0.001 -10"><span class='ocrx_word' id='word_1_300' title='bbox 240 2404 330 2436; x_wconf 87' lang='lat' dir='ltr'>torix</span> <span class='ocrx_word' id='word_1_301' title='bbox 355 2404 550 2446; x_wconf 76' lang='lat' dir='ltr'>obsessique</span> <span class='ocrx_word' id='word_1_302' title='bbox 575 2410 610 2437; x_wconf 88' lang='lat' dir='ltr'>et</span> <span class='ocrx_word' id='word_1_303' title='bbox 634 2406 797 2438; x_wconf 87' lang='lat' dir='ltr'>videbant</span> <span class='ocrx_word' id='word_1_304' title='bbox 813 2416 855 2437; x_wconf 90' lang='lat' dir='ltr'>ex</span> <span class='ocrx_word' id='word_1_305' title='bbox 871 2417 939 2437; x_wconf 89' lang='lat' dir='ltr'>mu—</span> 
     </span>
     <span class='ocr_line' id='line_1_38' title="bbox 241 2455 937 2497; baseline 0.003 -12"><span class='ocrx_word' id='word_1_306' title='bbox 241 2455 287 2486; x_wconf 81' lang='lat' dir='ltr'>ris</span> <span class='ocrx_word' id='word_1_307' title='bbox 303 2455 464 2496; x_wconf 89' lang='lat' dir='ltr'>quicquid</span> <span class='ocrx_word' id='word_1_308' title='bbox 481 2462 651 2497; x_wconf 86' lang='lat' dir='ltr'>ageretur,</span> <span class='ocrx_word' id='word_1_309' title='bbox 675 2462 710 2487; x_wconf 89' lang='lat' dir='ltr'>et</span> <span class='ocrx_word' id='word_1_310' title='bbox 726 2457 864 2489; x_wconf 88' lang='lat' dir='ltr'>simulac</span> <span class='ocrx_word' id='word_1_311' title='bbox 881 2467 937 2488; x_wconf 85' lang='lat' dir='ltr'>ex-</span> 
     </span>
     <span class='ocr_line' id='line_1_39' title="bbox 239 2504 939 2546; baseline 0.001 -10"><span class='ocrx_word' id='word_1_312' title='bbox 239 2509 355 2537; x_wconf 70' lang='lat' dir='ltr'>ternos</span> <span class='ocrx_word' id='word_1_313' title='bbox 385 2504 507 2536; x_wconf 79' lang='lat' dir='ltr'>Gallos&#39;</span> <span class='ocrx_word' id='word_1_314' title='bbox 526 2506 579 2537; x_wconf 87' lang='lat' dir='ltr'>vei</span> <span class='ocrx_word' id='word_1_315' title='bbox 606 2506 759 2546; x_wconf 89' lang='lat' dir='ltr'>praelium</span> <span class='ocrx_word' id='word_1_316' title='bbox 787 2507 939 2538; x_wconf 88' lang='lat' dir='ltr'>commit-</span> 
     </span>
     <span class='ocr_line' id='line_1_40' title="bbox 241 2555 938 2588; baseline 0.003 -2"><span class='ocrx_word' id='word_1_317' title='bbox 241 2559 314 2586; x_wconf 82' lang='lat' dir='ltr'>tere</span> <span class='ocrx_word' id='word_1_318' title='bbox 331 2555 384 2586; x_wconf 83' lang='lat' dir='ltr'>vel</span> <span class='ocrx_word' id='word_1_319' title='bbox 399 2560 511 2586; x_wconf 79' lang='lat' dir='ltr'>castra</span> <span class='ocrx_word' id='word_1_320' title='bbox 528 2556 670 2588; x_wconf 83' lang='lat' dir='ltr'>Caesaris</span> <span class='ocrx_word' id='word_1_321' title='bbox 695 2556 820 2588; x_wconf 87' lang='lat' dir='ltr'>adoriri</span> <span class='ocrx_word' id='word_1_322' title='bbox 847 2557 938 2588; x_wconf 89' lang='lat' dir='ltr'>vide-</span> 
     </span>
     <span class='ocr_line' id='line_1_41' title="bbox 240 2604 939 2647; baseline 0.003 -12"><span class='ocrx_word' id='word_1_323' title='bbox 240 2604 333 2643; x_wconf 86' lang='lat' dir='ltr'>bant,</span> <span class='ocrx_word' id='word_1_324' title='bbox 343 2605 408 2645; x_wconf 89' lang='lat' dir='ltr'>ipsi</span> <span class='ocrx_word' id='word_1_325' title='bbox 423 2615 556 2646; x_wconf 85' lang='lat' dir='ltr'>quoque</span> <span class='ocrx_word' id='word_1_326' title='bbox 571 2615 614 2637; x_wconf 83' lang='lat' dir='ltr'>ex</span> <span class='ocrx_word' id='word_1_327' title='bbox 630 2606 713 2637; x_wconf 90' lang='lat' dir='ltr'>urbe</span> <span class='ocrx_word' id='word_1_328' title='bbox 725 2606 939 2647; x_wconf 81' lang='lat' dir='ltr'>eruptionem</span> 
     </span>
     <span class='ocr_line' id='line_1_42' title="bbox 242 2651 940 2698; baseline 0.009 -16"><span class='ocrx_word' id='word_1_329' title='bbox 242 2651 426 2686; x_wconf 79' lang='lat' dir='ltr'>faciebant.</span> <span class='ocrx_word' id='word_1_330' title='bbox 484 2656 612 2687; x_wconf 76' lang='lat' dir='ltr'>Caesari</span> <span class='ocrx_word' id='word_1_331' title='bbox 639 2656 758 2687; x_wconf 89' lang='lat' dir='ltr'>eodem</span> <span class='ocrx_word' id='word_1_332' title='bbox 786 2663 940 2698; x_wconf 87' lang='lat' dir='ltr'>tempore</span> 
     </span>
     <span class='ocr_line' id='line_1_43' title="bbox 242 2703 938 2738; baseline 0.007 -5"><span class='ocrx_word' id='word_1_333' title='bbox 242 2703 443 2736; x_wconf 81' lang='lat' dir='ltr'>munitiones</span> <span class='ocrx_word' id='word_1_334' title='bbox 457 2714 528 2736; x_wconf 81' lang='lat' dir='ltr'>suae</span> <span class='ocrx_word' id='word_1_335' title='bbox 553 2710 591 2737; x_wconf 86' lang='lat' dir='ltr'>et</span> <span class='ocrx_word' id='word_1_336' title='bbox 614 2706 655 2737; x_wconf 81' lang='lat' dir='ltr'>ab</span> <span class='ocrx_word' id='word_1_337' title='bbox 681 2707 828 2738; x_wconf 76' lang='lat' dir='ltr'>obsessis</span> <span class='ocrx_word' id='word_1_338' title='bbox 843 2712 880 2738; x_wconf 90' lang='lat' dir='ltr'>et</span> <span class='ocrx_word' id='word_1_339' title='bbox 894 2707 938 2738; x_wconf 80' lang='lat' dir='ltr'>ab</span> 
     </span>
    </p>
   </div>
   <div class='ocr_carea' id='block_1_8' title="bbox 990 2053 1692 2748">
    <p class='ocr_par' dir='ltr' id='par_1_9' title="bbox 990 2053 1690 2296">
     <span class='ocr_line' id='line_1_44' title="bbox 990 2053 1690 2096; baseline -0.004 -9"><span class='ocrx_word' id='word_1_340' title='bbox 990 2057 1029 2087; x_wconf 89' lang='lat' dir='ltr'>iis</span> <span class='ocrx_word' id='word_1_341' title='bbox 1058 2056 1179 2094; x_wconf 83' lang='lat' dir='ltr'>Gallis,</span> <span class='ocrx_word' id='word_1_342' title='bbox 1207 2055 1263 2096; x_wconf 87' lang='lat' dir='ltr'>qui</span> <span class='ocrx_word' id='word_1_343' title='bbox 1283 2054 1348 2085; x_wconf 72' lang='lat' dir='ltr'>illis</span> <span class='ocrx_word' id='word_1_344' title='bbox 1374 2053 1498 2085; x_wconf 80' lang='lat' dir='ltr'>auxilio</span> <span class='ocrx_word' id='word_1_345' title='bbox 1514 2058 1690 2092; x_wconf 82' lang='lat' dir='ltr'>venerant,</span> 
     </span>
     <span class='ocr_line' id='line_1_45' title="bbox 990 2103 1690 2144; baseline -0.004 -7"><span class='ocrx_word' id='word_1_346' title='bbox 990 2105 1213 2137; x_wconf 60' lang='lat' dir='ltr'>defendendae</span> <span class='ocrx_word' id='word_1_347' title='bbox 1247 2109 1355 2137; x_wconf 81' lang='lat' dir='ltr'>erant.</span> <span class='ocrx_word' id='word_1_348' title='bbox 1414 2103 1690 2144; x_wconf 72' lang='lat' dir='ltr'>Vercingetorix,</span> 
     </span>
     <span class='ocr_line' id='line_1_46' title="bbox 992 2154 1690 2196; baseline -0.003 -10"><span class='ocrx_word' id='word_1_349' title='bbox 992 2156 1042 2186; x_wconf 86' lang='lat' dir='ltr'>vir</span> <span class='ocrx_word' id='word_1_350' title='bbox 1072 2155 1184 2196; x_wconf 85' lang='lat' dir='ltr'>magni</span> <span class='ocrx_word' id='word_1_351' title='bbox 1214 2155 1317 2186; x_wconf 87' lang='lat' dir='ltr'>animi</span> <span class='ocrx_word' id='word_1_352' title='bbox 1347 2159 1382 2185; x_wconf 86' lang='lat' dir='ltr'>et</span> <span class='ocrx_word' id='word_1_353' title='bbox 1411 2155 1528 2185; x_wconf 77' lang='lat' dir='ltr'>multae,</span> <span class='ocrx_word' id='word_1_354' title='bbox 1556 2154 1690 2193; x_wconf 86' lang='lat' dir='ltr'>indolis,</span> 
     </span>
     <span class='ocr_line' id='line_1_47' title="bbox 991 2204 1690 2244; baseline -0.003 -8"><span class='ocrx_word' id='word_1_355' title='bbox 991 2206 1123 2236; x_wconf 89' lang='lat' dir='ltr'>nonnisi</span> <span class='ocrx_word' id='word_1_356' title='bbox 1152 2215 1287 2236; x_wconf 88' lang='lat' dir='ltr'>snorum</span> <span class='ocrx_word' id='word_1_357' title='bbox 1317 2205 1449 2235; x_wconf 84' lang='lat' dir='ltr'>cladem</span> <span class='ocrx_word' id='word_1_358' title='bbox 1477 2204 1690 2244; x_wconf 70' lang='lat' dir='ltr'>conspicatus</span> 
     </span>
     <span class='ocr_line' id='line_1_48' title="bbox 991 2254 1537 2296; baseline -0.004 -10"><span class='ocrx_word' id='word_1_359' title='bbox 991 2255 1139 2287; x_wconf 78' lang='lat' dir='ltr'>fortunae</span> <span class='ocrx_word' id='word_1_360' title='bbox 1155 2257 1261 2286; x_wconf 81' lang='lat' dir='ltr'>cessit</span> <span class='ocrx_word' id='word_1_361' title='bbox 1275 2265 1378 2296; x_wconf 88' lang='lat' dir='ltr'>seque</span> <span class='ocrx_word' id='word_1_362' title='bbox 1394 2254 1537 2285; x_wconf 81' lang='lat' dir='ltr'>dedidit.</span> 
     </span>
    </p>

    <p class='ocr_par' dir='ltr' id='par_1_10' title="bbox 992 2305 1692 2398">
     <span class='ocr_line' id='line_1_49' title="bbox 1034 2305 1692 2346; baseline -0.003 -9"><span class='ocrx_word' id='word_1_363' title='bbox 1034 2310 1052 2338; x_wconf 84' lang='lat'><strong>3</strong></span> <span class='ocrx_word' id='word_1_364' title='bbox 1075 2305 1198 2346; x_wconf 80' lang='grc' dir='ltr'>Ὀξέως]</span> <span class='ocrx_word' id='word_1_365' title='bbox 1230 2306 1328 2337; x_wconf 85' lang='lat' dir='ltr'>Intra</span> <span class='ocrx_word' id='word_1_366' title='bbox 1345 2315 1469 2346; x_wconf 83' lang='lat' dir='ltr'>paucos</span> <span class='ocrx_word' id='word_1_367' title='bbox 1485 2305 1578 2344; x_wconf 89' lang='lat' dir='ltr'>dies;</span> <span class='ocrx_word' id='word_1_368' title='bbox 1602 2308 1692 2345; x_wconf 84' lang='lat' dir='ltr'>post-</span> 
     </span>
     <span class='ocr_line' id='line_1_50' title="bbox 992 2360 1464 2398; baseline -0.006 -10"><span class='ocrx_word' id='word_1_369' title='bbox 992 2367 1091 2398; x_wconf 84' lang='lat' dir='ltr'>quam</span> <span class='ocrx_word' id='word_1_370' title='bbox 1108 2361 1162 2387; x_wconf 91' lang='lat' dir='ltr'>ter</span> <span class='ocrx_word' id='word_1_371' title='bbox 1177 2360 1363 2396; x_wconf 85' lang='lat' dir='ltr'>pugnatum</span> <span class='ocrx_word' id='word_1_372' title='bbox 1378 2360 1464 2386; x_wconf 88' lang='lat' dir='ltr'>erat.</span> 
     </span>
    </p>

    <p class='ocr_par' dir='ltr' id='par_1_11' title="bbox 991 2404 1689 2496">
     <span class='ocr_line' id='line_1_51' title="bbox 1033 2404 1689 2446; baseline 0 -10"><span class='ocrx_word' id='word_1_373' title='bbox 1033 2410 1052 2437; x_wconf 78' lang='grc'>4</span> <span class='ocrx_word' id='word_1_374' title='bbox 1082 2405 1234 2444; x_wconf 55' lang='grc' dir='ltr'>Ἑαυτοῦ]</span> <span class='ocrx_word' id='word_1_375' title='bbox 1280 2406 1350 2436; x_wconf 84' lang='lat' dir='ltr'>Pcr</span> <span class='ocrx_word' id='word_1_376' title='bbox 1386 2404 1521 2446; x_wconf 80' lang='lat' dir='ltr'>aliquod</span> <span class='ocrx_word' id='word_1_377' title='bbox 1555 2409 1689 2445; x_wconf 86' lang='lat' dir='ltr'>tempus</span> 
     </span>
     <span class='ocr_line' id='line_1_52' title="bbox 991 2455 1528 2496; baseline -0.004 -9"><span class='ocrx_word' id='word_1_378' title='bbox 991 2466 1152 2487; x_wconf 82' lang='lat' dir='ltr'>summani</span> <span class='ocrx_word' id='word_1_379' title='bbox 1169 2455 1290 2486; x_wconf 87' lang='lat' dir='ltr'>famem</span> <span class='ocrx_word' id='word_1_380' title='bbox 1308 2456 1528 2496; x_wconf 82' lang='lat' dir='ltr'>pertulerant.</span> 
     </span>
    </p>

    <p class='ocr_par' dir='ltr' id='par_1_12' title="bbox 992 2501 1690 2748">
     <span class='ocr_line' id='line_1_53' title="bbox 1034 2501 1689 2546; baseline -0.005 -10"><span class='ocrx_word' id='word_1_381' title='bbox 1034 2510 1053 2537; x_wconf 89' lang='grc'><strong><em>5</em></strong></span> <span class='ocrx_word' id='word_1_382' title='bbox 1078 2505 1304 2546; x_wconf 77' lang='grc' dir='ltr'>Καθεζόμενον]</span> <span class='ocrx_word' id='word_1_383' title='bbox 1347 2505 1363 2536; x_wconf 90' lang='lat'>1</span> <span class='ocrx_word' id='word_1_384' title='bbox 1418 2503 1589 2535; x_wconf 78' lang='lat' dir='ltr'>tribunali.</span> <span class='ocrx_word' id='word_1_385' title='bbox 1634 2501 1689 2534; x_wconf 73' lang='lat' dir='ltr'>Cs-</span> 
     </span>
     <span class='ocr_line' id='line_1_54' title="bbox 992 2552 1690 2596; baseline -0.009 -9"><span class='ocrx_word' id='word_1_386' title='bbox 992 2556 1062 2588; x_wconf 88' lang='lat' dir='ltr'>Dio</span> <span class='ocrx_word' id='word_1_387' title='bbox 1079 2557 1172 2587; x_wconf 85' lang='lat' dir='ltr'>Cass.</span> <span class='ocrx_word' id='word_1_388' title='bbox 1184 2559 1237 2587; x_wconf 79' lang='lat'>40.</span> <span class='ocrx_word' id='word_1_389' title='bbox 1252 2559 1321 2594; x_wconf 68' lang='lat'>41„</span> <span class='ocrx_word' id='word_1_390' title='bbox 1337 2565 1408 2596; x_wconf 80' lang='lat' dir='ltr'>qui,</span> <span class='ocrx_word' id='word_1_391' title='bbox 1420 2563 1496 2585; x_wconf 85' lang='lat' dir='ltr'>eum</span> <span class='ocrx_word' id='word_1_392' title='bbox 1509 2552 1690 2592; x_wconf 82' lang='lat' dir='ltr'>improviso</span> 
     </span>
     <span class='ocr_line' id='line_1_55' title="bbox 992 2603 1689 2643; baseline -0.009 -4"><span class='ocrx_word' id='word_1_393' title='bbox 992 2607 1036 2638; x_wconf 83' lang='lat' dir='ltr'>ad</span> <span class='ocrx_word' id='word_1_394' title='bbox 1051 2608 1222 2639; x_wconf 85' lang='lat' dir='ltr'>Caesarem</span> <span class='ocrx_word' id='word_1_395' title='bbox 1239 2606 1418 2638; x_wconf 83' lang='lat' dir='ltr'>accessisse</span> <span class='ocrx_word' id='word_1_396' title='bbox 1440 2608 1476 2634; x_wconf 89' lang='lat' dir='ltr'>et</span> <span class='ocrx_word' id='word_1_397' title='bbox 1500 2603 1689 2643; x_wconf 83' lang='lat' dir='ltr'>supplicem</span> 
     </span>
     <span class='ocr_line' id='line_1_56' title="bbox 992 2653 1690 2697; baseline -0.01 -8"><span class='ocrx_word' id='word_1_398' title='bbox 992 2659 1124 2690; x_wconf 81' lang='lat' dir='ltr'>veniam</span> <span class='ocrx_word' id='word_1_399' title='bbox 1140 2666 1289 2697; x_wconf 84' lang='lat' dir='ltr'>rogasse,</span> <span class='ocrx_word' id='word_1_400' title='bbox 1304 2655 1422 2686; x_wconf 88' lang='lat' dir='ltr'>tradit.</span> <span class='ocrx_word' id='word_1_401' title='bbox 1467 2653 1550 2684; x_wconf 85' lang='lat' dir='ltr'>Post</span> <span class='ocrx_word' id='word_1_402' title='bbox 1573 2653 1690 2684; x_wconf 86' lang='lat' dir='ltr'>trium-</span> 
     </span>
     <span class='ocr_line' id='line_1_57' title="bbox 993 2702 1690 2748; baseline -0.007 -9"><span class='ocrx_word' id='word_1_403' title='bbox 993 2708 1096 2748; x_wconf 83' lang='lat' dir='ltr'>phum</span> <span class='ocrx_word' id='word_1_404' title='bbox 1120 2705 1322 2738; x_wconf 68' lang='lat' dir='ltr'>interfectus</span> <span class='ocrx_word' id='word_1_405' title='bbox 1344 2702 1615 2744; x_wconf 54' lang='lat' dir='ltr'>ese—Reliquas</span> <span class='ocrx_word' id='word_1_406' title='bbox 1636 2711 1690 2735; x_wconf 71' lang='lat' dir='ltr'>res</span> 
     </span>
    </p>
   </div>
  </div>
 </body>
</html>
