1872 3104
628 228 668 256 c.
698 225 831 256 sumi
866 223 1098 253 cAESAius.
1467 215 1580 257 2053

182 328 295 366 litter.
315 327 363 364 T.
388 336 416 363 1.
445 338 485 374 p.
508 330 598 362 448.
621 337 708 373 sqq.
767 325 952 372 Separato
976 322 1165 359 volumine
1187 320 1430 359 continentur
1452 326 1580 361 Anno-

184 392 342 429 tationes
377 388 570 432 Glareani,
606 401 693 436 qua:
726 387 858 423 eodem
881 399 981 423 anno
1015 385 1193 436 prodiere
1226 385 1296 422 hoc
1332 384 1470 423 titulo:
1505 392 1513 405 ‘
1537 389 1579 423 ln

182 457 226 492 C.
247 453 515 492 JuliiCaesaris
547 451 744 487 clarissimi
774 451 885 487 Rom.
928 449 1172 498 Imperatoris
1203 448 1511 485 Commentarios
1532 450 1579 486 de

184 518 283 555 bello
302 514 440 565 gallico
460 528 504 552 ac
525 514 627 551 civili
646 513 802 551 Henrici
823 512 1002 550 Glareani
1023 516 1150 562 poetic
1171 512 1328 549 laureati
1350 512 1582 549 Annotatio-

179 593 256 617 nes.
290 579 460 628 Frihurgi
494 578 727 627 Brisgoviae.'
771 583 806 614 8.
866 577 1066 626 Inscripsit
1102 576 1169 613 has
1202 590 1287 613 suas
1308 577 1576 613 annotationes

178 643 391 680 Glareanus
413 643 628 679 nominibus
650 641 844 679 Guidouis
864 649 981 691 atque
1004 641 1196 690 Prosperi,
1219 653 1484 690 generosorum
1509 641 1582 677 Ba-

180 719 314 744 ronum
335 720 357 743 a
377 707 586 750 Gebennis,
608 706 786 756 epistola,
812 706 900 742 Kal.
926 705 1067 755 Aprilis
1091 704 1266 753 friburgi
1289 703 1496 748 Brisgoviae
1515 716 1578 740 an.

182 773 295 808 1538.
330 770 482 820 scripta,
517 771 552 807 in
575 784 649 820 qua
675 783 804 807 earum
840 769 966 807 reddit
1000 769 1196 811 rationem,
1232 774 1270 804 et
1302 767 1429 803 AEneoe
1463 767 1580 817 Sylvii

178 833 420 883 aliorumque
440 847 598 877 errores,
633 847 730 883 quos
752 834 786 869 in
810 834 925 870 ven-ri
957 832 1189 883 geographia
1210 830 1458 874 admiserunt,
1496 844 1582 880 pcr-

179 897 342 947 stringit.
385 898 594 947 Epistolam
613 897 758 946 excipit
782 897 899 934 ludex
920 910 1065 939 eorum,
1102 908 1188 945 quae
1207 895 1242 930 in
1264 894 1580 932 annotationibus

177 962 374 998 enucleata
395 961 643 1011 reperiuntur.
702 960 880 1008 Adjectae
901 967 1034 1009 postea
1057 959 1210 995 fuerunt
1231 958 1289 994 hae
1310 957 1578 995 annotationes

180 1024 305 1061 multis
324 1024 485 1061 Catsaris
505 1023 750 1067 editionibus,
772 1029 809 1060 et
831 1023 987 1060 seorsim
1012 1021 1192 1072 Lugduni
1218 1020 1329 1059 1546.
1364 1028 1398 1059 8.
1433 1034 1578 1059 recusae

178 1086 418 1137 prodierunt.

125 1172 176 1178 —
205 1151 432 1200 Gryphiana
455 1162 504 1188 11.
529 1151 719 1201 Lugduni,
742 1150 843 1200 apud
867 1151 958 1188 Scb.
981 1150 1213 1200 Gryphium.
1252 1155 1310 1187 1‘2.

124 1235 176 1241 -—
206 1214 376 1253 Basileae.
409 1222 444 1254 8.
476 1216 555 1253 sine
576 1216 728 1253 nomine
748 1214 993 1266 typographi.

130 1283 229 1322 1539
260 1279 421 1316 Parisiis.
455 1286 491 1318 8.
521 1280 625 1329 apud
648 1281 782 1317 Frauc.
815 1278 1037 1330 Gryphium
1068 1290 1104 1314 c.
1126 1276 1217 1327 figg.
1277 1277 1325 1313 Et
1359 1276 1443 1313 haec
1464 1274 1580 1313 editio

180 1342 386 1380 rarioribus
407 1343 511 1380 libris
532 1351 820 1381 annumeratur.

124 1427 177 1432 —-
207 1406 380 1443 Basilcae.
405 1413 440 1445 8.
467 1408 512 1444 C.
534 1408 626 1445 Julii
649 1408 811 1445 Caesaris
831 1404 1116 1444 commentarii.
1149 1404 1246 1447 Quae
1267 1403 1302 1440 in
1324 1404 1395 1440 hac
1415 1402 1583 1440 editione

178 1467 335 1518 adjecta
366 1469 453 1515 sint,
489 1470 632 1520 quibus
655 1471 840 1507 hactenus
860 1469 1031 1507 omnium
1061 1468 1248 1505 editiones
1271 1473 1490 1509 caruerunt,
1528 1480 1585 1503 se-

177 1545 296 1581 quens
318 1533 464 1582 pagella
484 1533 653 1570 docebit.
711 1533 869 1570 Basileae
891 1545 959 1581 per
978 1531 1067 1568 Nic.
1094 1531 1370 1580 Brylingerum.
1427 1529 1522 1566 Haec
1545 1529 1582 1566 in

178 1596 302 1633 titulo.
360 1596 502 1646 Pagina
522 1610 650 1635 aversa
672 1597 848 1647 leguntur
869 1602 1053 1633 contenta
1074 1594 1109 1631 in
1133 1595 1206 1631 hoc
1222 1593 1440 1630 volumine:
1473 1593 1584 1629 Com-

179 1659 448 1698 mentariorum
469 1660 516 1698 de
538 1662 638 1698 bello
658 1661 811 1698 Gallico
825 1659 911 1696 libri
932 1668 1035 1695 v111.
1069 1659 1127 1695 De
1149 1657 1250 1694 bello
1265 1656 1376 1694 Civili
1397 1655 1482 1692 libri
1508 1666 1581 1692 111.

181 1722 441 1760 Alexandrino
460 1723 527 1760 lib.
549 1734 578 1761 1.
622 1723 807 1760 Africano
828 1723 895 1759 lib.
920 1733 950 1758 Ι.
993 1721 1239 1770 Hispaniensi
1258 1720 1325 1756 lib.
1350 1730 1380 1756 Ι.
1426 1719 1584 1756 Pictura

181 1785 319 1823 Galliae
339 1787 455 1824 totius
477 1794 515 1825 et
535 1787 747 1837 Hispaniae.
789 1787 942 1824 Pictura
964 1785 1092 1835 pontis
1110 1785 1143 1820 in
1167 1784 1316 1827 Rheno,
1337 1786 1412 1819 ἃς.
1462 1782 1585 1819 Loco-

178 1861 275 1894 rum,
311 1850 459 1888 urbium
481 1858 519 1888 et
541 1851 771 1901 populorum
792 1850 961 1892 nomina,
983 1851 1056 1885 &m
1123 1848 1310 1884 Praeterea
1330 1859 1398 1882 nos
1417 1844 1584 1882 editione

179 1913 241 1950 illa
256 1912 494 1954 addidimus:
522 1923 553 1953 1.
585 1915 892 1964 Descriptionem
911 1912 1081 1962 Alpium,
1105 1917 1143 1948 et
1159 1909 1401 1960 quorundam
1421 1908 1584 1945 aliorum

179 1978 366 2015 locorum.
424 1983 460 2015 2.
485 1979 638 2016 Navalis
660 1979 711 2015 rei
731 1978 932 2021 vocabula,
955 1975 1096 2025 quibus
1120 1974 1239 2011 utitur
1258 1973 1399 2011 Caesar.
1444 1977 1482 2010 3.
1504 1972 1587 2009 No-

179 2041 283 2078 mina
314 2042 511 2079 civitatum
545 2041 790 2079 Germanice.
848 2047 885 2078 4.
921 2039 1170 2088 Propriorum
1201 2036 1397 2074 nominum
1431 2049 1586 2073 nomen-

181 2104 383 2142 claturam.
437 2110 473 2142 5.
496 2106 668 2143 Iudicem
691 2105 882 2143 dictorum
903 2111 941 2141 et
965 2103 1168 2146 factorum,
1191 2114 1306 2151 quem
1328 2100 1432 2138 nulla
1451 2099 1585 2144 editio,

180 2167 227 2205 sit
246 2180 503 2218 quaecuuque,
526 2182 638 2218 quam
660 2182 728 2206 nos
749 2168 929 2212 vidimus,
953 2166 1101 2204 habuit.

133 2237 233 2270 1540
264 2232 489 2282 Gryphiana
512 2243 582 2269 111.
627 2232 817 2281 Lugduni,
839 2231 945 2282 apud
967 2231 1056 2268 seb.
1079 2229 1311 2280 Gryphium.
1336 2234 1372 2266 S.
1415 2227 1586 2266 Extabat

182 2295 219 2331 in
241 2294 478 2332 bibliotheca
499 2297 722 2341 Crevennae,
745 2303 841 2334 teste
862 2296 1050 2344 catalogo
1069 2295 1118 2331 T.
1141 2304 1182 2330 v,
1205 2307 1244 2343 p.
1270 2298 1356 2331 153.

132 2363 230 2397 1513
261 2358 489 2409 Gryphiana
512 2371 572 2398 lv,
603 2361 794 2409 Lugduni,
815 2360 921 2410 apud
943 2360 1032 2398 Seb.
1055 2357 1290 2409 Gryphium.
1324 2362 1359 2394 S.

128 2445 179 2450 —
209 2422 380 2459 Basileae.
412 2429 447 2460 S.
482 2437 569 2460 cuni
590 2425 653 2462 Jo.
686 2424 897 2461 Rhellicaui
916 2423 1088 2473 Tigurini
1110 2421 1208 2458 notis
1237 2420 1314 2456 sive
1334 2414 1587 2467 praelectioni-

183 2485 254 2521 bus
285 2485 319 2522 in
354 2486 696 2524 Caesarem—Has
730 2487 999 2536 praelectiones
1033 2483 1129 2522 ordo
1165 2483 1432 2538 theologorum
1468 2476 1585 2516 Paris.

182 2549 401 2599 postulante
424 2549 673 2587 Procuratore
691 2550 808 2600 regio,
837 2548 1043 2586 examinari
1058 2546 1179 2596 jussit
1197 2546 1205 2583 !

128 2634 180 2642 —
209 2612 370 2649 Parisiis.
401 2613 468 2649 fol.
498 2613 544 2650 C.
565 2613 655 2650 Julii
676 2613 842 2651 Caesaris
866 2625 993 2650 rerum
1022 2623 1044 2647 a
1066 2623 1105 2647 se
1126 2614 1319 2658 gestarum
1339 2605 1585 2642 Commenta-

182 2675 239 2721 rii,
259 2679 335 2713 «Sec.
376 2676 517 2713 Omnia
538 2677 686 2714 collatis
707 2676 867 2714 vetustis
888 2674 1168 2723 exemplaribus
1186 2679 1261 2708 tum
1283 2668 1450 2718 scriptis,
1469 2679 1585 2717 quam

184 2738 389 2788 impressis,
423 2746 605 2776 accurate
637 2739 852 2777 emendata.
911 2738 1068 2776 Pictura
1088 2736 1206 2775 totius
1228 2731 1378 2777 Galliae,
1411 2734 1486 2769 dcc.
1516 2743 1586 2781 per
