1872 3104
652 185 855 217 ΝοτιΤιΑ
888 185 1097 215 GAMAAE.
1477 178 1589 219 2013

204 280 467 322 Curiosolitae.
518 279 569 321 In
599 279 772 320 Notitia
802 280 1146 327 provinciarum,
1181 282 1223 319 et
1252 279 1295 318 in
1325 279 1436 320 libro
1469 282 1587 322 Fisci

144 349 330 391 Romani
352 349 640 390 Curiosolitae.
694 345 970 388 Cornonaille.

198 414 456 455 Eburovices.
478 413 683 455 l’Evesche
704 413 914 454 d’Evreur
934 428 980 454 en
1007 411 1267 454 Normandie.

198 481 366 522 Elaver.
411 480 561 522 Allier.
623 482 782 534 Ingens
801 483 975 529 fluvius,
997 483 1069 534 qui
1091 481 1229 531 Ligeri
1251 481 1482 534 excipitur.

196 547 395 588 Elusates,
458 549 527 589 lta
558 548 797 600 legendum,
833 561 918 588 non
959 546 1172 589 Flussates.
1233 548 1346 588 Vide
1385 548 1590 589 lectiones

138 613 430 655 Ausonianas.
491 612 556 653 Lu
583 613 679 654 ville
699 613 850 654 d’Euse
871 627 918 653 en
949 612 1175 669 Gascogne.
1238 614 1355 654 Hinc
1387 615 1590 655 oriundus

137 686 228 722 erat
249 681 449 721 Ruffinus
482 682 552 721 ille
584 685 829 734 praepotens
860 681 1085 721 insidiator
1114 681 1287 734 imperii
1317 680 1516 731 Romani,
1548 683 1590 722 in

137 761 266 800 quem
285 753 435 789 extant
456 749 541 788 duo
562 751 828 796 στηλιτευτικοὶ
846 748 1050 801 poemata
1071 748 1314 789 Claudiani.
1378 748 1429 787 In
1450 753 1589 802 priore

138 814 199 854 ita
221 814 426 867 legimus:

366 885 377 902 ‘
401 881 576 922 Invadit
595 895 738 922 muros
760 881 922 930 Elusae,
943 881 1172 921 notissima
1193 880 1354 920 dudum

398 947 537 989 Tecta
555 946 734 1000 petens?

139 1014 270 1066 Quod
290 1015 402 1054 enim
431 1014 578 1054 media
604 1015 775 1068 syllaba
795 1015 1069 1067 corripiatur,
1098 1016 1400 1068 pronunciatio
1420 1015 1590 1056 Vasco-

137 1082 239 1121 nica
270 1080 314 1121 id
336 1080 539 1129 ostendit,
562 1093 661 1134 quae
696 1080 848 1129 Elusa,
870 1085 1078 1133 tanquam
1108 1081 1212 1121 Elsa
1232 1082 1365 1123 effert.
1428 1081 1546 1122 Nam
1566 1082 1590 1122 I

136 1152 235 1188 ante
256 1146 588 1197 Consonantem‚
620 1161 702 1188 non
734 1148 870 1188 solum
892 1147 1122 1188 Vascones
1154 1150 1197 1188 in
1228 1149 1271 1188 U
1293 1162 1460 1202 semper
1491 1161 1591 1188 con-

136 1217 320 1262 vertunt,
341 1213 419 1254 sed
450 1217 493 1253 et
512 1214 684 1262 Franci,
707 1218 747 1254 et
778 1215 918 1268 major
937 1226 1038 1266 pars
1060 1214 1330 1254 Teutonismi
1360 1214 1590 1254 inferioris.

139 1279 229 1330 Qui
254 1280 288 1319 F
291 1281 476 1320 lussates
495 1280 706 1332 legebant,
731 1280 933 1320 dicebant
952 1293 1046 1319 esse
1065 1279 1327 1321 Comitatnm
1348 1280 1401 1320 de
1422 1281 1459 1320 F
1461 1281 1589 1321 uxio:

136 1352 179 1387 et
208 1347 291 1387 hoc
320 1352 492 1400 stupore
514 1361 594 1387 suo
627 1350 929 1400 persuaserunt
948 1347 1103 1387 illustri
1123 1349 1215 1388 viro
1245 1361 1399 1388 nomen
1419 1346 1467 1386 (le
1489 1345 1592 1387 Foix

137 1414 182 1453 in
204 1413 449 1454 Flussateni
469 1414 687 1453 recudere:
723 1426 811 1466 quo
832 1413 938 1453 nihil
953 1413 1190 1454 absurdius.
1253 1414 1370 1454 Nam
1390 1414 1507 1456 aliud
1528 1419 1594 1456 est

138 1480 398 1521 Franciscus
428 1481 480 1521 de
502 1480 673 1529 Fuisse,
703 1480 821 1520 aliud
851 1479 1114 1520 Franciscus
1141 1480 1338 1521 Flussas.
1400 1480 1518 1520 Nam
1539 1481 1593 1522 de

139 1546 297 1588 Flussa
317 1551 433 1588 esset
452 1561 600 1587 verum
631 1560 868 1599 cognomen
893 1547 1085 1586 samiliae.
1146 1547 1234 1587 Sed
1268 1547 1448 1587 Flussas
1480 1553 1595 1588 esset

136 1625 295 1653 nomen
326 1614 531 1654 nationis.
592 1613 748 1666 Itaque
782 1612 1046 1653 Franciscus
1079 1613 1260 1654 Flussas
1282 1618 1396 1654 esset
1420 1614 1594 1654 natione

140 1679 338 1728 mussas,
377 1692 462 1719 non
505 1680 557 1719 de
589 1679 755 1719 familia
790 1679 842 1719 de
874 1679 1048 1720 Flussa.
1110 1681 1196 1720 Sed
1230 1680 1387 1721 Flussa
1421 1693 1509 1721 non
1530 1685 1594 1720 est

141 1744 256 1786 Foix.
295 1746 413 1786 Nam
435 1746 479 1786 id
498 1751 611 1786 esset
635 1745 670 1784 F
674 1746 840 1794 oxium,
864 1750 938 1786 aut
955 1745 1073 1785 aliud
1094 1746 1271 1798 quidvis
1292 1747 1438 1799 potius
1461 1759 1593 1799 quam

145 1813 313 1854 Flussa.

197 1878 371 1919 Gabali.
418 1878 478 1919 Le
495 1894 598 1934 pays
619 1879 666 1919 de
690 1878 945 1919 Gimuldan.
986 1880 1226 1920 Marlianus
1248 1881 1354 1920 dicit
1375 1879 1594 1932 quondam

137 1945 273 1988 fuisse
307 1948 547 2000 provinciae
578 1947 880 1996 Bituricensis,
913 1960 1028 1987 nunc
1065 1959 1170 1986 vero
1209 1946 1445 1999 provinciae
1486 1944 1593 1985 Are-

138 2012 330 2054 latensis.
400 2013 524 2054 Certe
557 2019 598 2054 et
630 2026 744 2054 nunc
775 2026 950 2067 quoque
989 2017 1055 2054 est
1088 2013 1327 2066 provinciae
1351 2012 1596 2053 Bituricen—

140 2079 216 2118 sis-
269 2079 355 2119 Sed
375 2081 481 2120 inter
501 2080 715 2129 Gabalos,
743 2084 786 2121 et
801 2081 1069 2134 provinciam
1085 2080 1387 2120 Arelatensem
1414 2082 1425 2101 ‘
1440 2079 1595 2131 Longa

140 2145 294 2198 procul
329 2145 469 2198 longis
509 2148 583 2188 via
618 2147 771 2188 dividit
808 2148 927 2188 invia
966 2147 1129 2188 terris.'.
1191 2146 1250 2187 Et
1283 2146 1466 2186 ridicula
1498 2149 1595 2185 sunt

140 2213 248 2253 haec.

201 2277 433 2318 Garumna.
483 2279 654 2321 Retinet
681 2295 835 2322 nomen
854 2295 1038 2334 semper,
1072 2281 1149 2321 sed
1168 2281 1377 2332 integrum
1399 2293 1426 2320 a
1452 2279 1594 2332 capite

143 2345 198 2386 ad
233 2346 433 2387 Blaviam
470 2346 682 2397 Castrum,
715 2349 788 2388 ubi
822 2348 968 2401 lingua
1003 2347 1216 2387 Francica
1247 2346 1416 2398 incipit.
1475 2345 1595 2385 Nam

142 2417 242 2452 tunc
279 2425 357 2464 pro
396 2410 605 2462 Garonne,
635 2414 794 2454 dicitur
825 2414 1036 2464 Geronde,
1074 2419 1117 2454 et
1150 2412 1347 2452 Gir-oncle.
1406 2412 1519 2453 Vide
1552 2413 1596 2452 in

141 2478 368 2519 Tribunali
389 2478 611 2520 Tolosano
631 2482 673 2520 in
695 2480 883 2522 Civitate
903 2481 1174 2521 Mimatensi.
1222 2480 1402 2532 Excipit
1421 2479 1596 2531 navige-

142 2556 214 2585 ros
234 2545 391 2586 fluvios
411 2545 602 2595 Tarnim,
627 2547 661 2586 le
687 2546 799 2586 Tam
817 2562 829 2586 .-
861 2547 1021 2595 Oliten,
1045 2547 1138 2586 sive
1159 2545 1334 2594 Oldum‚
1361 2543 1500 2593 Ooldt,
1523 2549 1597 2585 aut

144 2623 244 2651 cum
261 2613 445 2652 articulo
467 2611 626 2652 l’Ooldc
644 2629 654 2650 :
690 2614 934 2654 Dur-auium
951 2611 1166 2662 Ausonio,
1188 2612 1457 2652 Dordoniam
1477 2610 1596 2663 apud

144 2675 399 2731 Gregorium
447 2679 756 2730 Turonensem,
787 2678 829 2719 la
852 2677 1091 2733 Dordogne‚
1115 2691 1247 2720 unum
1275 2691 1333 2719 ex
1360 2677 1597 2732 praecipuis
