<?xml version="1.0" encoding="UTF-8"?>
<!DOCTYPE html PUBLIC "-//W3C//DTD XHTML 1.0 Transitional//EN"
    "http://www.w3.org/TR/xhtml1/DTD/xhtml1-transitional.dtd">
<html xmlns="http://www.w3.org/1999/xhtml" xml:lang="en" lang="en">
 <head>
  <title>
</title>
<meta http-equiv="Content-Type" content="text/html;charset=utf-8" />
  <meta name='ocr-system' content='tesseract 3.04.00' />
  <meta name='ocr-capabilities' content='ocr_page ocr_carea ocr_par ocr_line ocrx_word'/>
</head>
<body>
  <div class='ocr_page' id='page_1' title='image "./operaomniaexedit05caesuoft/operaomniaexedit05caesuoft_0016.png"; bbox 0 0 1872 3104; ppageno 0'>
   <div class='ocr_carea' id='block_1_1' title="bbox 212 180 1230 223">
    <p class='ocr_par' dir='ltr' id='par_1_1' title="bbox 212 180 1230 223">
     <span class='ocr_line' id='line_1_1' title="bbox 212 180 1230 223; baseline 0.001 -2"><span class='ocrx_word' id='word_1_1' title='bbox 212 180 325 222; x_wconf 83' lang='grc'><strong>1894</strong></span> <span class='ocrx_word' id='word_1_2' title='bbox 637 192 674 222; x_wconf 73' lang='lat' dir='ltr'>J.</span> <span class='ocrx_word' id='word_1_3' title='bbox 706 191 843 222; x_wconf 71' lang='lat' dir='ltr'>cusi</span> <span class='ocrx_word' id='word_1_4' title='bbox 879 191 1230 223; x_wconf 57' lang='lat' dir='ltr'>communium:</span> 
     </span>
    </p>
   </div>
   <div class='ocr_carea' id='block_1_2' title="bbox 209 289 1684 2575">
    <p class='ocr_par' dir='ltr' id='par_1_2' title="bbox 209 289 1684 2575">
     <span class='ocr_line' id='line_1_2' title="bbox 210 289 1663 340; baseline 0.002 -14"><span class='ocrx_word' id='word_1_5' title='bbox 210 289 360 340; x_wconf 84' lang='lat' dir='ltr'>fuitque</span> <span class='ocrx_word' id='word_1_6' title='bbox 374 289 444 327; x_wconf 81' lang='lat' dir='ltr'>illis</span> <span class='ocrx_word' id='word_1_7' title='bbox 466 290 579 328; x_wconf 84' lang='lat' dir='ltr'>unica</span> <span class='ocrx_word' id='word_1_8' title='bbox 598 290 698 340; x_wconf 82' lang='lat' dir='ltr'>sugae</span> <span class='ocrx_word' id='word_1_9' title='bbox 718 305 828 329; x_wconf 88' lang='lat' dir='ltr'>cura:</span> <span class='ocrx_word' id='word_1_10' title='bbox 857 299 896 329; x_wconf 81' lang='lat' dir='ltr'>et</span> <span class='ocrx_word' id='word_1_11' title='bbox 917 293 986 329; x_wconf 86' lang='lat' dir='ltr'>nisi</span> <span class='ocrx_word' id='word_1_12' title='bbox 1005 306 1086 330; x_wconf 86' lang='lat' dir='ltr'>eam</span> <span class='ocrx_word' id='word_1_13' title='bbox 1107 291 1348 329; x_wconf 76' lang='lat' dir='ltr'>⁶²tudibrimn</span> <span class='ocrx_word' id='word_1_14' title='bbox 1369 291 1542 328; x_wconf 79' lang='lat' dir='ltr'>extincto</span> <span class='ocrx_word' id='word_1_15' title='bbox 1564 303 1663 340; x_wconf 71' lang='lat' dir='ltr'>prae-</span> 
     </span>
     <span class='ocr_line' id='line_1_3' title="bbox 210 353 1664 405; baseline -0.001 -13"><span class='ocrx_word' id='word_1_16' title='bbox 210 361 387 405; x_wconf 86' lang='lat' dir='ltr'>paratum</span> <span class='ocrx_word' id='word_1_17' title='bbox 408 353 590 391; x_wconf 79' lang='lat' dir='ltr'>mirificos</span> <span class='ocrx_word' id='word_1_18' title='bbox 611 353 647 390; x_wconf 93' lang='lat' dir='ltr'>in</span> <span class='ocrx_word' id='word_1_19' title='bbox 670 355 843 391; x_wconf 75' lang='lat' dir='ltr'>homines</span> <span class='ocrx_word' id='word_1_20' title='bbox 873 369 1018 392; x_wconf 82' lang='lat' dir='ltr'>versum</span> <span class='ocrx_word' id='word_1_21' title='bbox 1045 356 1153 393; x_wconf 53' lang='lat' dir='ltr'>most.</span> <span class='ocrx_word' id='word_1_22' title='bbox 1218 357 1346 405; x_wconf 70' lang='lat' dir='ltr'>Rogus</span> <span class='ocrx_word' id='word_1_23' title='bbox 1367 355 1398 391; x_wconf 85' lang='lat' dir='ltr'>ei</span> <span class='ocrx_word' id='word_1_24' title='bbox 1420 369 1606 392; x_wconf 74' lang='lat' dir='ltr'>accensus</span> <span class='ocrx_word' id='word_1_25' title='bbox 1626 355 1664 392; x_wconf 87' lang='lat' dir='ltr'>in</span> 
     </span>
     <span class='ocr_line' id='line_1_4' title="bbox 211 418 1665 470; baseline -0.001 -14"><span class='ocrx_word' id='word_1_26' title='bbox 211 431 349 468; x_wconf 85' lang='lat' dir='ltr'>campo</span> <span class='ocrx_word' id='word_1_27' title='bbox 383 418 524 454; x_wconf 74' lang='lat' dir='ltr'>Martio</span> <span class='ocrx_word' id='word_1_28' title='bbox 555 431 664 455; x_wconf 84' lang='lat' dir='ltr'>secus</span> <span class='ocrx_word' id='word_1_29' title='bbox 698 421 886 456; x_wconf 86' lang='lat' dir='ltr'>tumulum</span> <span class='ocrx_word' id='word_1_30' title='bbox 920 420 1044 463; x_wconf 79' lang='lat' dir='ltr'>Juliae,</span> <span class='ocrx_word' id='word_1_31' title='bbox 1067 420 1196 458; x_wconf 86' lang='lat' dir='ltr'>nescio</span> <span class='ocrx_word' id='word_1_32' title='bbox 1229 420 1381 470; x_wconf 90' lang='lat' dir='ltr'>quidem</span> <span class='ocrx_word' id='word_1_33' title='bbox 1413 433 1460 456; x_wconf 83' lang='lat' dir='ltr'>an</span> <span class='ocrx_word' id='word_1_34' title='bbox 1496 419 1583 456; x_wconf 66' lang='lat' dir='ltr'>tiliae</span> <span class='ocrx_word' id='word_1_35' title='bbox 1616 431 1665 455; x_wconf 87' lang='lat' dir='ltr'>an</span> 
     </span>
     <span class='ocr_line' id='line_1_5' title="bbox 210 482 1668 533; baseline -0.001 -14"><span class='ocrx_word' id='word_1_36' title='bbox 210 483 363 525; x_wconf 83' lang='lat' dir='ltr'>sororis,</span> <span class='ocrx_word' id='word_1_37' title='bbox 386 482 535 530; x_wconf 89' lang='lat' dir='ltr'>utrique</span> <span class='ocrx_word' id='word_1_38' title='bbox 554 482 653 518; x_wconf 87' lang='lat' dir='ltr'>enim</span> <span class='ocrx_word' id='word_1_39' title='bbox 677 495 814 520; x_wconf 88' lang='lat' dir='ltr'>nomen</span> <span class='ocrx_word' id='word_1_40' title='bbox 836 483 978 522; x_wconf 86' lang='lat' dir='ltr'>suerat:</span> <span class='ocrx_word' id='word_1_41' title='bbox 1011 484 1113 521; x_wconf 69' lang='lat' dir='ltr'>ardes</span> <span class='ocrx_word' id='word_1_42' title='bbox 1134 496 1246 521; x_wconf 80' lang='lat' dir='ltr'>aurea</span> <span class='ocrx_word' id='word_1_43' title='bbox 1270 484 1404 533; x_wconf 86' lang='lat' dir='ltr'>templi</span> <span class='ocrx_word' id='word_1_44' title='bbox 1437 485 1473 520; x_wconf 90' lang='lat' dir='ltr'>in</span> <span class='ocrx_word' id='word_1_45' title='bbox 1505 484 1668 519; x_wconf 71' lang='lat' dir='ltr'>somnam</span> 
     </span>
     <span class='ocr_line' id='line_1_6' title="bbox 211 544 1666 596; baseline -0.001 -14"><span class='ocrx_word' id='word_1_46' title='bbox 211 545 407 582; x_wconf 69' lang='lat' dir='ltr'>memoriae</span> <span class='ocrx_word' id='word_1_47' title='bbox 437 544 520 591; x_wconf 76' lang='lat' dir='ltr'>ejus</span> <span class='ocrx_word' id='word_1_48' title='bbox 552 551 747 587; x_wconf 63' lang='lat' dir='ltr'>extrue-tau</span> <span class='ocrx_word' id='word_1_49' title='bbox 777 546 899 583; x_wconf 85' lang='lat' dir='ltr'>lectus</span> <span class='ocrx_word' id='word_1_50' title='bbox 925 547 1116 585; x_wconf 76' lang='lat' dir='ltr'>eburneus</span> <span class='ocrx_word' id='word_1_51' title='bbox 1148 560 1242 584; x_wconf 89' lang='lat' dir='ltr'>auro</span> <span class='ocrx_word' id='word_1_52' title='bbox 1261 553 1398 584; x_wconf 79' lang='lat' dir='ltr'>stratus</span> <span class='ocrx_word' id='word_1_53' title='bbox 1417 560 1461 583; x_wconf 86' lang='lat' dir='ltr'>ac</span> <span class='ocrx_word' id='word_1_54' title='bbox 1493 558 1666 596; x_wconf 79' lang='lat' dir='ltr'>purpura</span> 
     </span>
     <span class='ocr_line' id='line_1_7' title="bbox 211 607 1666 659; baseline -0.001 -13"><span class='ocrx_word' id='word_1_55' title='bbox 211 609 259 647; x_wconf 82' lang='lat' dir='ltr'>ad</span> <span class='ocrx_word' id='word_1_56' title='bbox 282 615 399 657; x_wconf 78' lang='lat' dir='ltr'>caput</span> <span class='ocrx_word' id='word_1_57' title='bbox 418 607 528 655; x_wconf 77' lang='lat' dir='ltr'>ejus:</span> <span class='ocrx_word' id='word_1_58' title='bbox 559 608 777 657; x_wconf 69' lang='lat' dir='ltr'>trophaeum</span> <span class='ocrx_word' id='word_1_59' title='bbox 806 609 853 645; x_wconf 86' lang='lat' dir='ltr'>ud</span> <span class='ocrx_word' id='word_1_60' title='bbox 876 610 1047 658; x_wconf 76' lang='lat' dir='ltr'>gloriam,</span> <span class='ocrx_word' id='word_1_61' title='bbox 1069 619 1107 648; x_wconf 86' lang='lat' dir='ltr'>et</span> <span class='ocrx_word' id='word_1_62' title='bbox 1128 611 1238 648; x_wconf 62' lang='lat' dir='ltr'>xestis</span> <span class='ocrx_word' id='word_1_63' title='bbox 1260 611 1294 647; x_wconf 91' lang='lat' dir='ltr'>in</span> <span class='ocrx_word' id='word_1_64' title='bbox 1317 623 1392 659; x_wconf 80' lang='lat' dir='ltr'>qua</span> <span class='ocrx_word' id='word_1_65' title='bbox 1413 618 1492 646; x_wconf 67' lang='lat' dir='ltr'>erat</span> <span class='ocrx_word' id='word_1_66' title='bbox 1513 610 1666 646; x_wconf 75' lang='lat' dir='ltr'>occisus</span> 
     </span>
     <span class='ocr_line' id='line_1_8' title="bbox 210 670 1667 723; baseline -0.001 -14"><span class='ocrx_word' id='word_1_67' title='bbox 210 671 257 709; x_wconf 84' lang='lat' dir='ltr'>ad</span> <span class='ocrx_word' id='word_1_68' title='bbox 277 670 647 708; x_wconf 74' lang='lat' dir='ltr'>commiserationem</span> <span class='ocrx_word' id='word_1_69' title='bbox 669 674 920 720; x_wconf 72' lang='lat' dir='ltr'>spectantium</span> <span class='ocrx_word' id='word_1_70' title='bbox 941 674 1204 713; x_wconf 78' lang='lat' dir='ltr'>excitandam:</span> <span class='ocrx_word' id='word_1_71' title='bbox 1230 676 1419 723; x_wconf 88' lang='lat' dir='ltr'>simulque</span> <span class='ocrx_word' id='word_1_72' title='bbox 1441 675 1536 710; x_wconf 72' lang='lat' dir='ltr'>iuter</span> <span class='ocrx_word' id='word_1_73' title='bbox 1558 672 1667 709; x_wconf 87' lang='lat' dir='ltr'>ludos</span> 
     </span>
     <span class='ocr_line' id='line_1_9' title="bbox 211 734 1668 787; baseline 0 -15"><span class='ocrx_word' id='word_1_74' title='bbox 211 735 387 772; x_wconf 85' lang='lat' dir='ltr'>funereos</span> <span class='ocrx_word' id='word_1_75' title='bbox 420 734 468 771; x_wconf 83' lang='lat' dir='ltr'>ad</span> <span class='ocrx_word' id='word_1_76' title='bbox 504 734 802 772; x_wconf 80' lang='lat' dir='ltr'>inisericordiam</span> <span class='ocrx_word' id='word_1_77' title='bbox 838 738 970 781; x_wconf 86' lang='lat' dir='ltr'>occisi,</span> <span class='ocrx_word' id='word_1_78' title='bbox 1001 739 1115 787; x_wconf 67' lang='lat'>[⁴273]</span> <span class='ocrx_word' id='word_1_79' title='bbox 1152 746 1189 775; x_wconf 84' lang='lat' dir='ltr'>et</span> <span class='ocrx_word' id='word_1_80' title='bbox 1228 738 1406 775; x_wconf 73' lang='lat' dir='ltr'>inuidiam</span> <span class='ocrx_word' id='word_1_81' title='bbox 1449 738 1668 774; x_wconf 77' lang='lat' dir='ltr'>occisorum</span> 
     </span>
     <span class='ocr_line' id='line_1_10' title="bbox 211 797 1670 848; baseline 0 -13"><span class='ocrx_word' id='word_1_82' title='bbox 211 797 498 848; x_wconf 76' lang='lat' dir='ltr'>⁶⁴pecuniaruni</span> <span class='ocrx_word' id='word_1_83' title='bbox 519 799 612 836; x_wconf 87' lang='lat' dir='ltr'>illud</span> <span class='ocrx_word' id='word_1_84' title='bbox 636 800 733 836; x_wconf 87' lang='lat' dir='ltr'>inter</span> <span class='ocrx_word' id='word_1_85' title='bbox 751 800 824 837; x_wconf 88' lang='lat' dir='ltr'>alia</span> <span class='ocrx_word' id='word_1_86' title='bbox 845 800 1120 838; x_wconf 84' lang='lat' dir='ltr'>decantatum:</span> <span class='ocrx_word' id='word_1_87' title='bbox 1153 807 1161 820; x_wconf 92' lang='lat'>‘</span> <span class='ocrx_word' id='word_1_88' title='bbox 1181 803 1257 845; x_wconf 82' lang='lat' dir='ltr'>Me,</span> <span class='ocrx_word' id='word_1_89' title='bbox 1279 815 1461 844; x_wconf 78' lang='lat' dir='ltr'>servasse,</span> <span class='ocrx_word' id='word_1_90' title='bbox 1484 808 1521 837; x_wconf 88' lang='lat' dir='ltr'>ut</span> <span class='ocrx_word' id='word_1_91' title='bbox 1544 805 1670 836; x_wconf 84' lang='lat' dir='ltr'>essent</span> 
     </span>
     <span class='ocr_line' id='line_1_11' title="bbox 213 862 1671 913; baseline 0 -14"><span class='ocrx_word' id='word_1_92' title='bbox 213 862 280 911; x_wconf 90' lang='lat' dir='ltr'>qui</span> <span class='ocrx_word' id='word_1_93' title='bbox 312 876 372 900; x_wconf 86' lang='lat' dir='ltr'>me</span> <span class='ocrx_word' id='word_1_94' title='bbox 401 863 640 913; x_wconf 56' lang='lat' dir='ltr'>perderent?</span> <span class='ocrx_word' id='word_1_95' title='bbox 669 863 907 901; x_wconf 79' lang='lat' dir='ltr'><strong>laudationes</strong></span> <span class='ocrx_word' id='word_1_96' title='bbox 929 864 965 900; x_wconf 91' lang='lat' dir='ltr'>in</span> <span class='ocrx_word' id='word_1_97' title='bbox 995 863 1124 901; x_wconf 86' lang='lat' dir='ltr'>funere</span> <span class='ocrx_word' id='word_1_98' title='bbox 1158 864 1325 900; x_wconf 78' lang='lat' dir='ltr'>virorum</span> <span class='ocrx_word' id='word_1_99' title='bbox 1354 864 1552 900; x_wconf 76' lang='lat' dir='ltr'>illustrium</span> <span class='ocrx_word' id='word_1_100' title='bbox 1589 862 1671 899; x_wconf 83' lang='lat' dir='ltr'>fieri</span> 
     </span>
     <span class='ocr_line' id='line_1_12' title="bbox 213 926 1672 977; baseline 0 -15"><span class='ocrx_word' id='word_1_101' title='bbox 213 926 348 971; x_wconf 69' lang='lat' dir='ltr'>solita‘,</span> <span class='ocrx_word' id='word_1_102' title='bbox 382 933 542 976; x_wconf 85' lang='lat' dir='ltr'>propter</span> <span class='ocrx_word' id='word_1_103' title='bbox 572 927 830 977; x_wconf 63' lang='lat' dir='ltr'>prolixitatem</span> <span class='ocrx_word' id='word_1_104' title='bbox 863 934 901 964; x_wconf 86' lang='lat' dir='ltr'>et</span> <span class='ocrx_word' id='word_1_105' title='bbox 933 940 1114 977; x_wconf 81' lang='lat' dir='ltr'>pompam</span> <span class='ocrx_word' id='word_1_106' title='bbox 1152 927 1307 972; x_wconf 68' lang='lat' dir='ltr'>funeris,</span> <span class='ocrx_word' id='word_1_107' title='bbox 1339 927 1401 964; x_wconf 87' lang='lat' dir='ltr'>cui</span> <span class='ocrx_word' id='word_1_108' title='bbox 1429 926 1574 964; x_wconf 84' lang='lat' dir='ltr'>6⁵dives</span> <span class='ocrx_word' id='word_1_109' title='bbox 1594 939 1672 962; x_wconf 88' lang='lat' dir='ltr'>non</span> 
     </span>
     <span class='ocr_line' id='line_1_13' title="bbox 213 990 1673 1041; baseline 0 -15"><span class='ocrx_word' id='word_1_110' title='bbox 213 990 424 1028; x_wconf 80' lang='lat' dir='ltr'>suffectura</span> <span class='ocrx_word' id='word_1_111' title='bbox 446 991 661 1036; x_wconf 82' lang='lat' dir='ltr'>videbatur,</span> <span class='ocrx_word' id='word_1_112' title='bbox 683 992 950 1041; x_wconf 78' lang='lat' dir='ltr'>praetcrmissae</span> <span class='ocrx_word' id='word_1_113' title='bbox 971 998 1081 1030; x_wconf 86' lang='lat' dir='ltr'>sunt:</span> <span class='ocrx_word' id='word_1_114' title='bbox 1113 1005 1322 1040; x_wconf 80' lang='lat' dir='ltr'>earumque</span> <span class='ocrx_word' id='word_1_115' title='bbox 1353 992 1389 1027; x_wconf 87' lang='lat' dir='ltr'>in</span> <span class='ocrx_word' id='word_1_116' title='bbox 1412 992 1541 1028; x_wconf 84' lang='lat' dir='ltr'>locum</span> <span class='ocrx_word' id='word_1_117' title='bbox 1565 1002 1673 1027; x_wconf 80' lang='lat' dir='ltr'>sena-</span> 
     </span>
     <span class='ocr_line' id='line_1_14' title="bbox 210 1054 1672 1105; baseline 0.001 -16"><span class='ocrx_word' id='word_1_118' title='bbox 210 1060 272 1089; x_wconf 87' lang='lat' dir='ltr'>tus</span> <span class='ocrx_word' id='word_1_119' title='bbox 293 1054 511 1091; x_wconf 82' lang='lat' dir='ltr'>consultum</span> <span class='ocrx_word' id='word_1_120' title='bbox 535 1055 647 1091; x_wconf 78' lang='lat' dir='ltr'>breve</span> <span class='ocrx_word' id='word_1_121' title='bbox 676 1067 742 1103; x_wconf 82' lang='lat' dir='ltr'>per</span> <span class='ocrx_word' id='word_1_122' title='bbox 763 1068 980 1105; x_wconf 65' lang='lat' dir='ltr'>praeconem</span> <span class='ocrx_word' id='word_1_123' title='bbox 1010 1056 1124 1104; x_wconf 83' lang='lat' dir='ltr'>jussu</span> <span class='ocrx_word' id='word_1_124' title='bbox 1159 1055 1333 1092; x_wconf 66' lang='lat' dir='ltr'>(fonsulis</span> <span class='ocrx_word' id='word_1_125' title='bbox 1369 1056 1567 1092; x_wconf 82' lang='lat' dir='ltr'>recitatum</span> <span class='ocrx_word' id='word_1_126' title='bbox 1601 1061 1672 1097; x_wconf 84' lang='lat' dir='ltr'>est,</span> 
     </span>
     <span class='ocr_line' id='line_1_15' title="bbox 212 1117 1675 1169; baseline 0.001 -17"><span class='ocrx_word' id='word_1_127' title='bbox 212 1129 289 1166; x_wconf 85' lang='lat' dir='ltr'>quo</span> <span class='ocrx_word' id='word_1_128' title='bbox 327 1117 470 1153; x_wconf 77' lang='lat' dir='ltr'>Caesari</span> <span class='ocrx_word' id='word_1_129' title='bbox 508 1130 639 1154; x_wconf 86' lang='lat' dir='ltr'>omnes</span> <span class='ocrx_word' id='word_1_130' title='bbox 678 1118 842 1155; x_wconf 80' lang='lat' dir='ltr'><strong>honores</strong></span> <span class='ocrx_word' id='word_1_131' title='bbox 878 1118 1024 1155; x_wconf 82' lang='lat' dir='ltr'>divinos</span> <span class='ocrx_word' id='word_1_132' title='bbox 1064 1119 1325 1169; x_wconf 80' lang='lat' dir='ltr'>humanosque</span> <span class='ocrx_word' id='word_1_133' title='bbox 1365 1119 1604 1156; x_wconf 72' lang='lat' dir='ltr'>decrcxerat:</span> <span class='ocrx_word' id='word_1_134' title='bbox 1635 1123 1675 1154; x_wconf 81' lang='lat' dir='ltr'>ct</span> 
     </span>
     <span class='ocr_line' id='line_1_16' title="bbox 211 1179 1673 1232; baseline 0.001 -16"><span class='ocrx_word' id='word_1_135' title='bbox 211 1185 395 1229; x_wconf 57' lang='lat' dir='ltr'>praeterea</span> <span class='ocrx_word' id='word_1_136' title='bbox 409 1179 704 1229; x_wconf 64' lang='lat' dir='ltr'>jusjuram‘lnm,</span> <span class='ocrx_word' id='word_1_137' title='bbox 725 1194 804 1231; x_wconf 86' lang='lat' dir='ltr'>quo</span> <span class='ocrx_word' id='word_1_138' title='bbox 824 1195 863 1218; x_wconf 92' lang='lat' dir='ltr'>se</span> <span class='ocrx_word' id='word_1_139' title='bbox 883 1195 1016 1219; x_wconf 87' lang='lat' dir='ltr'>omnes</span> <span class='ocrx_word' id='word_1_140' title='bbox 1049 1195 1118 1231; x_wconf 88' lang='lat' dir='ltr'>pro</span> <span class='ocrx_word' id='word_1_141' title='bbox 1155 1183 1275 1220; x_wconf 80' lang='lat' dir='ltr'>salute</span> <span class='ocrx_word' id='word_1_142' title='bbox 1296 1183 1377 1231; x_wconf 82' lang='lat' dir='ltr'>ejus</span> <span class='ocrx_word' id='word_1_143' title='bbox 1397 1183 1673 1232; x_wconf 78' lang='lat' dir='ltr'>obligaverant,</span> 
     </span>
     <span class='ocr_line' id='line_1_17' title="bbox 211 1244 1675 1296; baseline 0 -15"><span class='ocrx_word' id='word_1_144' title='bbox 211 1250 253 1281; x_wconf 87' lang='lat' dir='ltr'>ut</span> <span class='ocrx_word' id='word_1_145' title='bbox 273 1244 488 1282; x_wconf 85' lang='lat' dir='ltr'>evidentius</span> <span class='ocrx_word' id='word_1_146' title='bbox 518 1258 594 1282; x_wconf 91' lang='lat' dir='ltr'>non</span> <span class='ocrx_word' id='word_1_147' title='bbox 626 1246 742 1283; x_wconf 89' lang='lat' dir='ltr'>modo</span> <span class='ocrx_word' id='word_1_148' title='bbox 772 1246 890 1284; x_wconf 77' lang='lat' dir='ltr'>caedis</span> <span class='ocrx_word' id='word_1_149' title='bbox 910 1246 976 1284; x_wconf 84' lang='lat' dir='ltr'>sed</span> <span class='ocrx_word' id='word_1_150' title='bbox 1001 1246 1155 1296; x_wconf 77' lang='lat' dir='ltr'>perjurii</span> <span class='ocrx_word' id='word_1_151' title='bbox 1177 1247 1298 1283; x_wconf 83' lang='lat' dir='ltr'>scelus</span> <span class='ocrx_word' id='word_1_152' title='bbox 1319 1253 1435 1284; x_wconf 73' lang='lat' dir='ltr'>esset:</span> <span class='ocrx_word' id='word_1_153' title='bbox 1470 1246 1549 1295; x_wconf 79' lang='lat' dir='ltr'>pari</span> <span class='ocrx_word' id='word_1_154' title='bbox 1570 1258 1675 1282; x_wconf 86' lang='lat' dir='ltr'>com-</span> 
     </span>
     <span class='ocr_line' id='line_1_18' title="bbox 210 1307 1675 1357; baseline 0.001 -13"><span class='ocrx_word' id='word_1_155' title='bbox 210 1307 357 1357; x_wconf 84' lang='lat' dir='ltr'>pendio</span> <span class='ocrx_word' id='word_1_156' title='bbox 377 1308 604 1357; x_wconf 86' lang='lat' dir='ltr'>permissum</span> <span class='ocrx_word' id='word_1_157' title='bbox 625 1316 696 1352; x_wconf 87' lang='lat' dir='ltr'>est,</span> <span class='ocrx_word' id='word_1_158' title='bbox 720 1323 876 1347; x_wconf 87' lang='lat' dir='ltr'>munera</span> <span class='ocrx_word' id='word_1_159' title='bbox 897 1310 945 1346; x_wconf 90' lang='lat' dir='ltr'>ad</span> <span class='ocrx_word' id='word_1_160' title='bbox 970 1310 1084 1346; x_wconf 82' lang='lat' dir='ltr'>funus</span> <span class='ocrx_word' id='word_1_161' title='bbox 1105 1323 1150 1346; x_wconf 75' lang='lat' dir='ltr'>ex</span> <span class='ocrx_word' id='word_1_162' title='bbox 1174 1322 1275 1346; x_wconf 87' lang='lat' dir='ltr'>more</span> <span class='ocrx_word' id='word_1_163' title='bbox 1297 1309 1520 1354; x_wconf 76' lang='lat' dir='ltr'>ferentibus,</span> <span class='ocrx_word' id='word_1_164' title='bbox 1536 1315 1575 1346; x_wconf 85' lang='lat' dir='ltr'>ut</span> <span class='ocrx_word' id='word_1_165' title='bbox 1597 1308 1675 1345; x_wconf 87' lang='lat' dir='ltr'>sine</span> 
     </span>
     <span class='ocr_line' id='line_1_19' title="bbox 210 1369 1674 1422; baseline 0 -14"><span class='ocrx_word' id='word_1_166' title='bbox 210 1369 341 1408; x_wconf 84' lang='lat' dir='ltr'>ordine</span> <span class='ocrx_word' id='word_1_167' title='bbox 363 1384 441 1420; x_wconf 87' lang='lat' dir='ltr'>quo</span> <span class='ocrx_word' id='word_1_168' title='bbox 463 1372 625 1421; x_wconf 83' lang='lat' dir='ltr'>quisque</span> <span class='ocrx_word' id='word_1_169' title='bbox 646 1373 773 1416; x_wconf 90' lang='lat' dir='ltr'>vellet,</span> <span class='ocrx_word' id='word_1_170' title='bbox 795 1373 831 1409; x_wconf 95' lang='lat' dir='ltr'>in</span> <span class='ocrx_word' id='word_1_171' title='bbox 852 1372 985 1410; x_wconf 87' lang='lat' dir='ltr'>itinere</span> <span class='ocrx_word' id='word_1_172' title='bbox 1006 1386 1114 1409; x_wconf 82' lang='lat' dir='ltr'>suum</span> <span class='ocrx_word' id='word_1_173' title='bbox 1134 1386 1270 1409; x_wconf 76' lang='lat' dir='ltr'>munus</span> <span class='ocrx_word' id='word_1_174' title='bbox 1291 1373 1326 1409; x_wconf 90' lang='lat' dir='ltr'>in</span> <span class='ocrx_word' id='word_1_175' title='bbox 1349 1386 1526 1422; x_wconf 87' lang='lat' dir='ltr'>campum</span> <span class='ocrx_word' id='word_1_176' title='bbox 1549 1373 1674 1422; x_wconf 84' lang='lat' dir='ltr'>ipsum</span> 
     </span>
     <span class='ocr_line' id='line_1_20' title="bbox 213 1435 1676 1485; baseline 0.001 -14"><span class='ocrx_word' id='word_1_177' title='bbox 213 1435 399 1472; x_wconf 83' lang='lat' dir='ltr'>Martium</span> <span class='ocrx_word' id='word_1_178' title='bbox 437 1436 618 1481; x_wconf 86' lang='lat' dir='ltr'>deferret,</span> <span class='ocrx_word' id='word_1_179' title='bbox 666 1436 756 1473; x_wconf 86' lang='lat' dir='ltr'>inde</span> <span class='ocrx_word' id='word_1_180' title='bbox 795 1437 830 1473; x_wconf 86' lang='lat' dir='ltr'>in</span> <span class='ocrx_word' id='word_1_181' title='bbox 870 1436 993 1473; x_wconf 86' lang='lat' dir='ltr'>forum</span> <span class='ocrx_word' id='word_1_182' title='bbox 1033 1450 1055 1473; x_wconf 91' lang='lat' dir='ltr'>a</span> <span class='ocrx_word' id='word_1_183' title='bbox 1094 1437 1375 1485; x_wconf 79' lang='lat' dir='ltr'>magistratibus</span> <span class='ocrx_word' id='word_1_184' title='bbox 1414 1436 1565 1473; x_wconf 81' lang='lat' dir='ltr'>delatus</span> <span class='ocrx_word' id='word_1_185' title='bbox 1603 1443 1676 1473; x_wconf 86' lang='lat' dir='ltr'>est.</span> 
     </span>
     <span class='ocr_line' id='line_1_21' title="bbox 211 1498 1677 1549; baseline 0.001 -14"><span class='ocrx_word' id='word_1_186' title='bbox 211 1498 395 1548; x_wconf 86' lang='lat' dir='ltr'>Dumque</span> <span class='ocrx_word' id='word_1_187' title='bbox 419 1499 574 1536; x_wconf 86' lang='lat' dir='ltr'>ubinam</span> <span class='ocrx_word' id='word_1_188' title='bbox 596 1499 827 1537; x_wconf 86' lang='lat' dir='ltr'>cremandus</span> <span class='ocrx_word' id='word_1_189' title='bbox 860 1507 960 1537; x_wconf 89' lang='lat' dir='ltr'>esset</span> <span class='ocrx_word' id='word_1_190' title='bbox 994 1499 1030 1536; x_wconf 88' lang='lat' dir='ltr'>in</span> <span class='ocrx_word' id='word_1_191' title='bbox 1065 1502 1318 1549; x_wconf 63' lang='lat' dir='ltr'>quaestionem</span> <span class='ocrx_word' id='word_1_192' title='bbox 1341 1502 1514 1545; x_wconf 77' lang='lat' dir='ltr'>venisset,</span> <span class='ocrx_word' id='word_1_193' title='bbox 1536 1500 1677 1549; x_wconf 81' lang='lat' dir='ltr'>aliique</span> 
     </span>
     <span class='ocr_line' id='line_1_22' title="bbox 209 1561 1678 1613; baseline 0 -15"><span class='ocrx_word' id='word_1_194' title='bbox 209 1561 246 1598; x_wconf 85' lang='lat' dir='ltr'>iu</span> <span class='ocrx_word' id='word_1_195' title='bbox 268 1563 387 1606; x_wconf 87' lang='lat' dir='ltr'>curia,</span> <span class='ocrx_word' id='word_1_196' title='bbox 422 1562 459 1599; x_wconf 92' lang='lat' dir='ltr'>in</span> <span class='ocrx_word' id='word_1_197' title='bbox 494 1576 571 1613; x_wconf 88' lang='lat' dir='ltr'>qua</span> <span class='ocrx_word' id='word_1_198' title='bbox 603 1563 757 1601; x_wconf 83' lang='lat' dir='ltr'>occisus</span> <span class='ocrx_word' id='word_1_199' title='bbox 791 1571 885 1609; x_wconf 83' lang='lat' dir='ltr'>erat,</span> <span class='ocrx_word' id='word_1_200' title='bbox 915 1564 976 1601; x_wconf 85' lang='lat' dir='ltr'>alii</span> <span class='ocrx_word' id='word_1_201' title='bbox 1010 1565 1044 1601; x_wconf 91' lang='lat' dir='ltr'>in</span> <span class='ocrx_word' id='word_1_202' title='bbox 1079 1565 1175 1602; x_wconf 81' lang='lat' dir='ltr'>cella</span> <span class='ocrx_word' id='word_1_203' title='bbox 1193 1565 1298 1602; x_wconf 80' lang='lat' dir='ltr'>Jovis</span> <span class='ocrx_word' id='word_1_204' title='bbox 1321 1564 1516 1602; x_wconf 84' lang='lat' dir='ltr'>dicerent:</span> <span class='ocrx_word' id='word_1_205' title='bbox 1548 1564 1678 1602; x_wconf 78' lang='lat' dir='ltr'>subito</span> 
     </span>
     <span class='ocr_line' id='line_1_23' title="bbox 212 1624 1677 1677; baseline 0.001 -15"><span class='ocrx_word' id='word_1_206' title='bbox 212 1624 291 1662; x_wconf 89' lang='lat' dir='ltr'>duo</span> <span class='ocrx_word' id='word_1_207' title='bbox 312 1626 379 1663; x_wconf 86' lang='lat' dir='ltr'>viri</span> <span class='ocrx_word' id='word_1_208' title='bbox 401 1627 520 1676; x_wconf 81' lang='lat' dir='ltr'>ignoti</span> <span class='ocrx_word' id='word_1_209' title='bbox 543 1627 732 1665; x_wconf 81' lang='lat' dir='ltr'>succincti</span> <span class='ocrx_word' id='word_1_210' title='bbox 751 1628 903 1677; x_wconf 83' lang='lat' dir='ltr'>gladiis,</span> <span class='ocrx_word' id='word_1_211' title='bbox 923 1635 959 1665; x_wconf 89' lang='lat' dir='ltr'>et</span> <span class='ocrx_word' id='word_1_212' title='bbox 974 1627 1109 1676; x_wconf 85' lang='lat' dir='ltr'>jacula</span> <span class='ocrx_word' id='word_1_213' title='bbox 1131 1628 1218 1664; x_wconf 86' lang='lat' dir='ltr'>bina</span> <span class='ocrx_word' id='word_1_214' title='bbox 1234 1635 1437 1677; x_wconf 77' lang='lat' dir='ltr'>gestantes,</span> <span class='ocrx_word' id='word_1_215' title='bbox 1452 1628 1677 1665; x_wconf 74' lang='lat' dir='ltr'>ardentibus</span> 
     </span>
     <span class='ocr_line' id='line_1_24' title="bbox 211 1687 1678 1741; baseline 0.001 -15"><span class='ocrx_word' id='word_1_216' title='bbox 211 1687 382 1727; x_wconf 84' lang='lat' dir='ltr'>66cereris</span> <span class='ocrx_word' id='word_1_217' title='bbox 415 1690 500 1739; x_wconf 82' lang='lat' dir='ltr'>igne</span> <span class='ocrx_word' id='word_1_218' title='bbox 534 1703 700 1729; x_wconf 82' lang='lat' dir='ltr'>accenso</span> <span class='ocrx_word' id='word_1_219' title='bbox 739 1692 975 1729; x_wconf 87' lang='lat' dir='ltr'>diremerunt</span> <span class='ocrx_word' id='word_1_220' title='bbox 1010 1691 1127 1736; x_wconf 86' lang='lat' dir='ltr'>litem,</span> <span class='ocrx_word' id='word_1_221' title='bbox 1164 1693 1362 1741; x_wconf 83' lang='lat' dir='ltr'>secutique</span> <span class='ocrx_word' id='word_1_222' title='bbox 1397 1705 1529 1729; x_wconf 87' lang='lat' dir='ltr'>omnes</span> <span class='ocrx_word' id='word_1_223' title='bbox 1569 1691 1678 1741; x_wconf 85' lang='lat' dir='ltr'>quasi</span> 
     </span>
     <span class='ocr_line' id='line_1_25' title="bbox 214 1752 1679 1806; baseline 0.002 -17"><span class='ocrx_word' id='word_1_224' title='bbox 214 1752 399 1790; x_wconf 86' lang='lat' dir='ltr'>divinitus</span> <span class='ocrx_word' id='word_1_225' title='bbox 434 1761 768 1803; x_wconf 84' lang='lat' dir='ltr'>praemonstratam</span> <span class='ocrx_word' id='word_1_226' title='bbox 804 1755 916 1801; x_wconf 87' lang='lat' dir='ltr'>viam,</span> <span class='ocrx_word' id='word_1_227' title='bbox 950 1755 1058 1792; x_wconf 88' lang='lat' dir='ltr'>multi</span> <span class='ocrx_word' id='word_1_228' title='bbox 1094 1764 1230 1798; x_wconf 69' lang='lat' dir='ltr'>vestes,</span> <span class='ocrx_word' id='word_1_229' title='bbox 1263 1756 1371 1792; x_wconf 90' lang='lat' dir='ltr'>multi</span> <span class='ocrx_word' id='word_1_230' title='bbox 1402 1769 1505 1793; x_wconf 87' lang='lat' dir='ltr'>arma</span> <span class='ocrx_word' id='word_1_231' title='bbox 1538 1755 1679 1806; x_wconf 85' lang='lat' dir='ltr'>quibus</span> 
     </span>
     <span class='ocr_line' id='line_1_26' title="bbox 214 1816 1680 1870; baseline 0.003 -17"><span class='ocrx_word' id='word_1_232' title='bbox 214 1816 338 1854; x_wconf 75' lang='lat' dir='ltr'>ornati</span> <span class='ocrx_word' id='word_1_233' title='bbox 372 1816 621 1862; x_wconf 86' lang='lat' dir='ltr'>advenerant,</span> <span class='ocrx_word' id='word_1_234' title='bbox 646 1817 806 1855; x_wconf 85' lang='lat' dir='ltr'>flammis</span> <span class='ocrx_word' id='word_1_235' title='bbox 837 1819 1025 1867; x_wconf 86' lang='lat' dir='ltr'>injecere:</span> <span class='ocrx_word' id='word_1_236' title='bbox 1060 1820 1255 1869; x_wconf 64' lang='lat' dir='ltr'>pra‘cipue</span> <span class='ocrx_word' id='word_1_237' title='bbox 1294 1820 1472 1864; x_wconf 79' lang='lat' dir='ltr'>veterani,</span> <span class='ocrx_word' id='word_1_238' title='bbox 1510 1820 1576 1870; x_wconf 87' lang='lat' dir='ltr'>qni</span> <span class='ocrx_word' id='word_1_239' title='bbox 1608 1819 1680 1857; x_wconf 87' lang='lat' dir='ltr'>sub</span> 
     </span>
     <span class='ocr_line' id='line_1_27' title="bbox 217 1880 1679 1934; baseline 0.002 -17"><span class='ocrx_word' id='word_1_240' title='bbox 217 1880 283 1917; x_wconf 88' lang='lat' dir='ltr'>illo</span> <span class='ocrx_word' id='word_1_241' title='bbox 305 1881 616 1919; x_wconf 78' lang='lat' dir='ltr'>victoriosissime</span> <span class='ocrx_word' id='word_1_242' title='bbox 646 1883 867 1928; x_wconf 84' lang='lat' dir='ltr'>militarant,</span> <span class='ocrx_word' id='word_1_243' title='bbox 889 1884 999 1934; x_wconf 81' lang='lat' dir='ltr'>quasi</span> <span class='ocrx_word' id='word_1_244' title='bbox 1027 1884 1110 1932; x_wconf 85' lang='lat' dir='ltr'>jam</span> <span class='ocrx_word' id='word_1_245' title='bbox 1142 1885 1257 1921; x_wconf 84' lang='lat' dir='ltr'>armis</span> <span class='ocrx_word' id='word_1_246' title='bbox 1292 1884 1372 1921; x_wconf 72' lang='lat' dir='ltr'>vale</span> <span class='ocrx_word' id='word_1_247' title='bbox 1406 1884 1591 1927; x_wconf 86' lang='lat' dir='ltr'>dicerent,</span> <span class='ocrx_word' id='word_1_248' title='bbox 1614 1883 1679 1920; x_wconf 90' lang='lat' dir='ltr'>illo</span> 
     </span>
     <span class='ocr_line' id='line_1_28' title="bbox 215 1944 1682 1995; baseline 0.002 -14"><span class='ocrx_word' id='word_1_249' title='bbox 215 1944 398 1989; x_wconf 81' lang='lat' dir='ltr'>extincto,</span> <span class='ocrx_word' id='word_1_250' title='bbox 422 1945 487 1995; x_wconf 87' lang='lat' dir='ltr'>qui</span> <span class='ocrx_word' id='word_1_251' title='bbox 508 1959 699 1983; x_wconf 90' lang='lat' dir='ltr'>summum</span> <span class='ocrx_word' id='word_1_252' title='bbox 721 1946 845 1983; x_wconf 83' lang='lat' dir='ltr'>fuerat</span> <span class='ocrx_word' id='word_1_253' title='bbox 864 1947 985 1984; x_wconf 78' lang='lat' dir='ltr'>decus</span> <span class='ocrx_word' id='word_1_254' title='bbox 1006 1960 1215 1984; x_wconf 84' lang='lat' dir='ltr'>armorum.</span> <span class='ocrx_word' id='word_1_255' title='bbox 1264 1949 1456 1984; x_wconf 72' lang='lat' dir='ltr'>Matrona:</span> <span class='ocrx_word' id='word_1_256' title='bbox 1477 1947 1589 1984; x_wconf 86' lang='lat' dir='ltr'>etiam</span> <span class='ocrx_word' id='word_1_257' title='bbox 1612 1960 1682 1985; x_wconf 87' lang='lat' dir='ltr'>sua</span> 
     </span>
     <span class='ocr_line' id='line_1_29' title="bbox 217 2009 1680 2060; baseline 0.001 -15"><span class='ocrx_word' id='word_1_258' title='bbox 217 2009 253 2046; x_wconf 89' lang='lat' dir='ltr'>in</span> <span class='ocrx_word' id='word_1_259' title='bbox 287 2009 407 2059; x_wconf 78' lang='lat' dir='ltr'>ignem</span> <span class='ocrx_word' id='word_1_260' title='bbox 438 2017 477 2047; x_wconf 89' lang='lat' dir='ltr'>et</span> <span class='ocrx_word' id='word_1_261' title='bbox 508 2009 672 2047; x_wconf 85' lang='lat' dir='ltr'>filiorum</span> <span class='ocrx_word' id='word_1_262' title='bbox 694 2018 920 2048; x_wconf 85' lang='lat' dir='ltr'>ornamenta</span> <span class='ocrx_word' id='word_1_263' title='bbox 947 2011 1179 2060; x_wconf 80' lang='lat' dir='ltr'>jactabant:</span> <span class='ocrx_word' id='word_1_264' title='bbox 1213 2011 1336 2048; x_wconf 89' lang='lat' dir='ltr'>luctus</span> <span class='ocrx_word' id='word_1_265' title='bbox 1357 2011 1486 2060; x_wconf 81' lang='lat' dir='ltr'>ingens</span> <span class='ocrx_word' id='word_1_266' title='bbox 1515 2011 1586 2047; x_wconf 80' lang='lat' dir='ltr'>fuit</span> <span class='ocrx_word' id='word_1_267' title='bbox 1608 2023 1680 2047; x_wconf 86' lang='lat' dir='ltr'>uon</span> 
     </span>
     <span class='ocr_line' id='line_1_30' title="bbox 218 2073 1684 2125; baseline 0.001 -16"><span class='ocrx_word' id='word_1_268' title='bbox 218 2073 478 2110; x_wconf 84' lang='lat' dir='ltr'>Romanorum</span> <span class='ocrx_word' id='word_1_269' title='bbox 499 2073 615 2111; x_wconf 90' lang='lat' dir='ltr'>modo</span> <span class='ocrx_word' id='word_1_270' title='bbox 647 2074 713 2111; x_wconf 89' lang='lat' dir='ltr'>sed</span> <span class='ocrx_word' id='word_1_271' title='bbox 746 2082 962 2113; x_wconf 88' lang='lat' dir='ltr'>exterarum</span> <span class='ocrx_word' id='word_1_272' title='bbox 985 2076 1154 2125; x_wconf 80' lang='lat' dir='ltr'>gentium</span> <span class='ocrx_word' id='word_1_273' title='bbox 1177 2089 1345 2125; x_wconf 86' lang='lat' dir='ltr'>quoque,</span> <span class='ocrx_word' id='word_1_274' title='bbox 1368 2075 1530 2112; x_wconf 79' lang='lat' dir='ltr'>maxime</span> <span class='ocrx_word' id='word_1_275' title='bbox 1550 2075 1684 2112; x_wconf 76' lang='lat' dir='ltr'>Judae-</span> 
     </span>
     <span class='ocr_line' id='line_1_31' title="bbox 217 2137 1682 2191; baseline 0.001 -18"><span class='ocrx_word' id='word_1_276' title='bbox 217 2149 341 2181; x_wconf 89' lang='lat' dir='ltr'>orum,</span> <span class='ocrx_word' id='word_1_277' title='bbox 363 2137 429 2187; x_wconf 85' lang='lat' dir='ltr'>qui</span> <span class='ocrx_word' id='word_1_278' title='bbox 451 2138 696 2187; x_wconf 85' lang='lat' dir='ltr'>sepulchrum</span> <span class='ocrx_word' id='word_1_279' title='bbox 725 2139 808 2187; x_wconf 82' lang='lat' dir='ltr'>ejus</span> <span class='ocrx_word' id='word_1_280' title='bbox 843 2140 992 2191; x_wconf 83' lang='lat' dir='ltr'>aliquot</span> <span class='ocrx_word' id='word_1_281' title='bbox 1024 2140 1218 2178; x_wconf 82' lang='lat' dir='ltr'>continuis</span> <span class='ocrx_word' id='word_1_282' title='bbox 1253 2140 1432 2177; x_wconf 80' lang='lat' dir='ltr'>noctibus</span> <span class='ocrx_word' id='word_1_283' title='bbox 1463 2152 1533 2189; x_wconf 89' lang='lat' dir='ltr'>pro</span> <span class='ocrx_word' id='word_1_284' title='bbox 1554 2137 1682 2175; x_wconf 85' lang='lat' dir='ltr'>officio</span> 
     </span>
     <span class='ocr_line' id='line_1_32' title="bbox 215 2200 1683 2256; baseline 0.001 -19"><span class='ocrx_word' id='word_1_285' title='bbox 215 2200 524 2251; x_wconf 86' lang='lat' dir='ltr'>frequentarunt.</span> <span class='ocrx_word' id='word_1_286' title='bbox 582 2203 744 2241; x_wconf 88' lang='lat' dir='ltr'>Peracto</span> <span class='ocrx_word' id='word_1_287' title='bbox 765 2204 895 2242; x_wconf 87' lang='lat' dir='ltr'>funere</span> <span class='ocrx_word' id='word_1_288' title='bbox 929 2206 1040 2256; x_wconf 84' lang='lat' dir='ltr'>plebs</span> <span class='ocrx_word' id='word_1_289' title='bbox 1073 2206 1247 2243; x_wconf 83' lang='lat' dir='ltr'>Romana</span> <span class='ocrx_word' id='word_1_290' title='bbox 1267 2203 1314 2240; x_wconf 86' lang='lat' dir='ltr'>ad</span> <span class='ocrx_word' id='word_1_291' title='bbox 1335 2203 1493 2240; x_wconf 86' lang='lat' dir='ltr'>domum</span> <span class='ocrx_word' id='word_1_292' title='bbox 1518 2201 1625 2240; x_wconf 86' lang='lat' dir='ltr'>Bruti</span> <span class='ocrx_word' id='word_1_293' title='bbox 1645 2208 1683 2239; x_wconf 81' lang='lat' dir='ltr'>et</span> 
     </span>
     <span class='ocr_line' id='line_1_33' title="bbox 219 2263 1682 2319; baseline 0 -18"><span class='ocrx_word' id='word_1_294' title='bbox 219 2263 341 2302; x_wconf 88' lang='lat' dir='ltr'>Cassii</span> <span class='ocrx_word' id='word_1_295' title='bbox 360 2264 511 2303; x_wconf 82' lang='lat' dir='ltr'>facibus</span> <span class='ocrx_word' id='word_1_296' title='bbox 530 2274 675 2305; x_wconf 86' lang='lat' dir='ltr'>armata</span> <span class='ocrx_word' id='word_1_297' title='bbox 696 2268 912 2314; x_wconf 83' lang='lat' dir='ltr'>contendit,</span> <span class='ocrx_word' id='word_1_298' title='bbox 934 2269 1073 2319; x_wconf 86' lang='lat' dir='ltr'>vixque</span> <span class='ocrx_word' id='word_1_299' title='bbox 1094 2268 1183 2306; x_wconf 90' lang='lat' dir='ltr'>inde</span> <span class='ocrx_word' id='word_1_300' title='bbox 1205 2268 1355 2318; x_wconf 85' lang='lat' dir='ltr'>repulsa</span> <span class='ocrx_word' id='word_1_301' title='bbox 1375 2266 1568 2303; x_wconf 84' lang='lat' dir='ltr'>⁶⁷Erulum</span> <span class='ocrx_word' id='word_1_302' title='bbox 1591 2265 1682 2302; x_wconf 89' lang='lat' dir='ltr'>Cin-</span> 
     </span>
     <span class='ocr_line' id='line_1_34' title="bbox 218 2328 1683 2380; baseline 0.001 -15"><span class='ocrx_word' id='word_1_303' title='bbox 218 2339 306 2366; x_wconf 85' lang='lat' dir='ltr'>nam</span> <span class='ocrx_word' id='word_1_304' title='bbox 345 2329 540 2367; x_wconf 81' lang='lat' dir='ltr'>infelicem</span> <span class='ocrx_word' id='word_1_305' title='bbox 574 2331 766 2380; x_wconf 84' lang='lat' dir='ltr'>quendam</span> <span class='ocrx_word' id='word_1_306' title='bbox 801 2334 994 2371; x_wconf 85' lang='lat' dir='ltr'>hominem</span> <span class='ocrx_word' id='word_1_307' title='bbox 1031 2346 1122 2370; x_wconf 88' lang='lat' dir='ltr'>casu</span> <span class='ocrx_word' id='word_1_308' title='bbox 1161 2332 1320 2370; x_wconf 85' lang='lat' dir='ltr'>obvium</span> <span class='ocrx_word' id='word_1_309' title='bbox 1355 2343 1483 2368; x_wconf 86' lang='lat' dir='ltr'>errore</span> <span class='ocrx_word' id='word_1_310' title='bbox 1520 2328 1683 2367; x_wconf 89' lang='lat' dir='ltr'>nominis</span> 
     </span>
     <span class='ocr_line' id='line_1_35' title="bbox 219 2393 1684 2447; baseline -0.001 -16"><span class='ocrx_word' id='word_1_311' title='bbox 219 2393 355 2432; x_wconf 89' lang='lat' dir='ltr'>delusa</span> <span class='ocrx_word' id='word_1_312' title='bbox 387 2394 606 2444; x_wconf 83' lang='lat' dir='ltr'>discerpsit,</span> <span class='ocrx_word' id='word_1_313' title='bbox 642 2396 799 2435; x_wconf 88' lang='lat' dir='ltr'>credens</span> <span class='ocrx_word' id='word_1_314' title='bbox 833 2398 950 2435; x_wconf 87' lang='lat' dir='ltr'>alium</span> <span class='ocrx_word' id='word_1_315' title='bbox 986 2411 1084 2442; x_wconf 91' lang='lat' dir='ltr'>esse,</span> <span class='ocrx_word' id='word_1_316' title='bbox 1108 2410 1222 2447; x_wconf 90' lang='lat' dir='ltr'>quem</span> <span class='ocrx_word' id='word_1_317' title='bbox 1256 2394 1490 2433; x_wconf 88' lang='lat' dir='ltr'>mordaciter</span> <span class='ocrx_word' id='word_1_318' title='bbox 1521 2406 1588 2443; x_wconf 86' lang='lat' dir='ltr'>per</span> <span class='ocrx_word' id='word_1_319' title='bbox 1617 2405 1684 2430; x_wconf 90' lang='lat' dir='ltr'>eos</span> 
     </span>
     <span class='ocr_line' id='line_1_36' title="bbox 217 2455 1683 2510; baseline -0.001 -16"><span class='ocrx_word' id='word_1_320' title='bbox 217 2455 299 2494; x_wconf 86' lang='lat' dir='ltr'>dies</span> <span class='ocrx_word' id='word_1_321' title='bbox 319 2464 451 2496; x_wconf 84' lang='lat' dir='ltr'>contra</span> <span class='ocrx_word' id='word_1_322' title='bbox 467 2459 658 2497; x_wconf 82' lang='lat' dir='ltr'>Caesarem</span> <span class='ocrx_word' id='word_1_323' title='bbox 679 2461 850 2499; x_wconf 87' lang='lat' dir='ltr'>locutum</span> <span class='ocrx_word' id='word_1_324' title='bbox 872 2474 954 2499; x_wconf 90' lang='lat' dir='ltr'>esse</span> <span class='ocrx_word' id='word_1_325' title='bbox 975 2461 1193 2504; x_wconf 85' lang='lat' dir='ltr'>constabat,</span> <span class='ocrx_word' id='word_1_326' title='bbox 1211 2458 1324 2510; x_wconf 76' lang='lat'><strong>[274]</strong></span> <span class='ocrx_word' id='word_1_327' title='bbox 1346 2457 1544 2507; x_wconf 78' lang='lat' dir='ltr'>affixitque</span> <span class='ocrx_word' id='word_1_328' title='bbox 1565 2457 1683 2494; x_wconf 79' lang='lat' dir='ltr'>hastae</span> 
     </span>
     <span class='ocr_line' id='line_1_37' title="bbox 222 2519 1682 2575; baseline -0.001 -17"><span class='ocrx_word' id='word_1_329' title='bbox 222 2527 342 2571; x_wconf 84' lang='lat' dir='ltr'>caput</span> <span class='ocrx_word' id='word_1_330' title='bbox 371 2521 477 2560; x_wconf 86' lang='lat' dir='ltr'>velut</span> <span class='ocrx_word' id='word_1_331' title='bbox 497 2522 624 2561; x_wconf 82' lang='lat' dir='ltr'>taliter</span> <span class='ocrx_word' id='word_1_332' title='bbox 644 2536 755 2562; x_wconf 90' lang='lat' dir='ltr'>suum</span> <span class='ocrx_word' id='word_1_333' title='bbox 789 2524 930 2563; x_wconf 88' lang='lat' dir='ltr'>ducem</span> <span class='ocrx_word' id='word_1_334' title='bbox 962 2526 1042 2563; x_wconf 87' lang='lat' dir='ltr'>ulta</span> <span class='ocrx_word' id='word_1_335' title='bbox 1062 2523 1237 2575; x_wconf 73' lang='lat' dir='ltr'>gestavit.</span> <span class='ocrx_word' id='word_1_336' title='bbox 1294 2523 1359 2560; x_wconf 88' lang='lat' dir='ltr'>Sic</span> <span class='ocrx_word' id='word_1_337' title='bbox 1393 2521 1527 2559; x_wconf 87' lang='lat' dir='ltr'>alienae</span> <span class='ocrx_word' id='word_1_338' title='bbox 1557 2519 1682 2569; x_wconf 89' lang='lat' dir='ltr'>culpae</span> 
     </span>
    </p>
   </div>
   <div class='ocr_carea' id='block_1_3' title="bbox 218 2675 1681 2778">
    <p class='ocr_par' dir='ltr' id='par_1_3' title="bbox 218 2675 1681 2778">
     <span class='ocr_line' id='line_1_38' title="bbox 259 2675 1681 2725; baseline -0.003 -16"><span class='ocrx_word' id='word_1_339' title='bbox 259 2681 302 2710; x_wconf 77' lang='lat'>62</span> <span class='ocrx_word' id='word_1_340' title='bbox 326 2678 465 2722; x_wconf 78' lang='lat' dir='ltr'>Aliquid</span> <span class='ocrx_word' id='word_1_341' title='bbox 483 2682 592 2722; x_wconf 83' lang='lat' dir='ltr'>deest,</span> <span class='ocrx_word' id='word_1_342' title='bbox 615 2687 654 2715; x_wconf 90' lang='lat' dir='ltr'>ut</span> <span class='ocrx_word' id='word_1_343' title='bbox 675 2684 897 2725; x_wconf 64' lang='lat' dir='ltr'>arripuissent.-</span> <span class='ocrx_word' id='word_1_344' title='bbox 919 2688 979 2716; x_wconf 84' lang='lat' dir='ltr'>aut</span> <span class='ocrx_word' id='word_1_345' title='bbox 1002 2684 1207 2714; x_wconf 77' lang='lat' dir='ltr'>simile.—-63</span> <span class='ocrx_word' id='word_1_346' title='bbox 1233 2681 1337 2720; x_wconf 85' lang='lat' dir='ltr'>Lege,</span> <span class='ocrx_word' id='word_1_347' title='bbox 1363 2677 1537 2708; x_wconf 54' lang='lat' dir='ltr'>essen—61</span> <span class='ocrx_word' id='word_1_348' title='bbox 1562 2675 1681 2714; x_wconf 80' lang='lat' dir='ltr'>Forte,</span> 
     </span>
     <span class='ocr_line' id='line_1_39' title="bbox 218 2728 1681 2778; baseline -0.003 -16"><span class='ocrx_word' id='word_1_349' title='bbox 218 2730 523 2765; x_wconf 65' lang='lat' dir='ltr'>Pacuvianum—65</span> <span class='ocrx_word' id='word_1_350' title='bbox 548 2736 664 2775; x_wconf 84' lang='lat' dir='ltr'>Forte,</span> <span class='ocrx_word' id='word_1_351' title='bbox 679 2737 846 2769; x_wconf 49' lang='grc' dir='ltr'>ἀίει-66</span> <span class='ocrx_word' id='word_1_352' title='bbox 871 2739 972 2778; x_wconf 83' lang='lat' dir='ltr'>Lege,</span> <span class='ocrx_word' id='word_1_353' title='bbox 987 2737 1177 2767; x_wconf 56' lang='lat' dir='ltr'>cervia—67</span> <span class='ocrx_word' id='word_1_354' title='bbox 1204 2734 1321 2764; x_wconf 79' lang='lat' dir='ltr'>Forte,</span> <span class='ocrx_word' id='word_1_355' title='bbox 1340 2729 1499 2760; x_wconf 61' lang='lat' dir='ltr'>Heln-sum:</span> <span class='ocrx_word' id='word_1_356' title='bbox 1527 2728 1572 2759; x_wconf 61' lang='lat' dir='ltr'>zie</span> <span class='ocrx_word' id='word_1_357' title='bbox 1586 2729 1681 2760; x_wconf 75' lang='lat' dir='ltr'>Suet.</span> 
     </span>
    </p>
   </div>
  </div>
 </body>
</html>
