1872 3104
233 179 348 222 ‘2028
704 190 908 220 Nori'rm
948 189 1220 218 Liri-:nimii

239 284 345 322 ridus
367 285 533 323 Sabinus
556 292 630 322 tres
658 286 706 322 de
737 286 836 323 bello
869 285 980 322 Civili
1014 284 1131 320 libros
1165 284 1306 321 (j'wsari
1340 283 1545 332 abjudicat
1576 283 1641 322 lib.
1664 295 1694 323 Ι.

237 350 533 387 Subseciunmn
561 350 780 386 Lcctionum
803 363 889 398 rzip.
911 356 946 385 Ἰ).
970 357 1003 385 ct
1029 348 1200 397 inprimis
1223 348 1244 384 l.
1270 360 1316 386 ΙΙ.
1339 362 1372 385 c.
1391 355 1426 386 ⁴2.
1487 349 1608 384 Immo
1624 348 1697 385 Lu-

236 414 396 451 dovicus
418 415 548 451 carri.»
580 428 625 451 ne
657 415 809 463 quidem
836 426 915 451 vit.
938 415 1053 450 libros
1071 414 1118 449 de
1143 415 1239 450 bello
1262 414 1413 451 Gallico
1435 414 1595 451 causaris
1615 425 1697 450 esse

235 484 360 527 putat.
432 477 494 513 Uti
533 492 600 513 nce
642 480 860 515 Lndovicns
896 479 1119 521 (sanlnccns,
1161 479 1225 526 qni
1259 484 1313 525 <ut
1349 480 1489 515 Satan-0
1525 477 1698 527 prodidit

235 543 333 578 notis
355 541 390 577 in
414 540 546 577 Sidon.
574 553 635 577 lx.
664 546 738 587 14.)
767 544 968 592 opnsillinl
993 543 1165 580 Suetonii
1185 555 1267 580 esse
1291 544 1448 591 putabat
1469 557 1476 585 ;
1509 541 1625 591 idque
1646 540 1697 577 ob

236 605 352 642 verba
370 605 440 640 ista
465 604 589 640 Orosii
610 615 671 641 vl.
695 611 731 647 7.
754 610 762 625 ‘
787 607 897 643 Hanc
921 606 985 656 [de
1004 607 1165 643 Caesaris
1186 606 1289 642 bello
1310 605 1480 653 Gallico]
1504 604 1696 641 historiam

237 667 444 704 Suetonius
464 667 717 717 Tranquillus
735 669 951 717 plenissime
972 671 1146 720 exposuit
1168 686 1175 713 ;
1208 670 1318 718 cnjus
1341 684 1410 707 nos
1433 676 1697 718 competentes

235 731 499 781 portiunculas
522 731 809 780 decerpsimus!
863 734 938 771 Sed
971 735 1054 784 quis
1078 749 1152 770 non
1174 734 1328 771 credere
1347 734 1448 770 malit
1471 733 1540 781 ipsi
1562 734 1700 769 Sueto·

235 795 298 831 nio
330 795 574 844 Tranquillo,
599 796 663 846 qui
693 796 815 834 aliena
848 811 869 834 a
903 799 1093 847 germanis
1118 798 1203 844 jain
1244 798 1333 833 olim
1370 795 1578 834 discrevit?
1634 795 1697 833 Sic

233 858 332 895 enini
356 859 487 896 scribit
519 860 553 895 in
575 860 678 896 Julio
698 874 784 910 cap.
807 861 870 898 56.
910 867 918 881 ⁴
938 861 1105 910 Reliquit
1126 867 1163 897 et
1186 874 1307 897 rerum
1331 873 1483 896 suarum
1505 872 1699 896 columen--

236 923 364 965 tarios‚
389 923 546 968 Gallici,
568 923 778 974 Civilisque
800 925 889 962 belli
912 925 1144 975 Pompeiani.
1187 926 1288 963 Nam
1312 923 1576 969 Alexandrini,
1599 922 1700 960 Afri-

234 985 362 1037 cique,
391 993 429 1024 et
463 987 736 1037 Hispaniensis,
775 989 943 1026 incertus
981 997 1115 1026 auctor
1144 996 1216 1027 est.
1292 989 1366 1025 Alii
1399 988 1498 1025 enim
1528 987 1699 1037 Oppium

238 1056 399 1100 putant;
441 1052 503 1088 alii
527 1052 706 1097 Hirtium,
725 1053 788 1102 qui
810 1055 922 1091 etiam
945 1054 1085 1091 Gallici
1108 1054 1196 1091 belli
1229 1053 1477 1089 noviSsimnm
1500 1050 1702 1100 imperfec-

238 1121 398 1163 tumque
430 1115 572 1152 librum
594 1115 811 1165 supplevit!
858 1118 973 1160 Quod
996 1118 1026 1154 si
1056 1118 1141 1167 quis
1166 1130 1241 1154 non
1274 1116 1382 1153 audit
1405 1115 1700 1164 'l'ranqnillnm2

235 1183 274 1214 at
294 1178 426 1214 Tullio
459 1178 602 1223 credat,
637 1179 854 1229 Hirtioque‚
889 1194 1052 1230 quorum
1085 1182 1200 1218 verba
1231 1180 1480 1230 Tranquillus
1516 1180 1702 1216 continuo

235 1242 450 1292 subjungit.
495 1243 623 1281 Fidem
646 1244 734 1281 item
757 1244 897 1281 habeat
917 1245 1115 1289 Straboni,
1138 1245 1204 1294 qni
1230 1244 1333 1281 initio
1351 1244 1436 1279 libri
1457 1254 1514 1279 lv.
1537 1243 1704 1280 advocat

233 1308 483 1357 ὑπομνήματα
507 1310 606 1345 θείου
629 1309 831 1356 Καίσαρος,
853 1309 876 1346 i.
894 1322 927 1346 e.
963 1310 1261 1346 Commentarios
1283 1308 1362 1346 (livi
1385 1306 1563 1345 Coesarl's.
1608 1308 1700 1344 lletn

233 1369 460 1416 Plutarcho,
492 1373 663 1421 quando,
694 1386 781 1422 quae
811 1385 857 1409 ex
888 1372 1052 1410 Caesaris
1073 1373 1120 1409 ‹le
1153 1372 1253 1409 bello
1273 1372 1387 1409 Civili
1417 1371 1702 1408 commentariis

235 1434 342 1479 citat,
364 1448 408 1472 ea
429 1434 624 1485 hodieque
659 1437 710 1473 ibi
742 1437 933 1486 leguntur.
990 1437 1051 1474 Ad
1088 1437 1169 1474 haec
1193 1436 1385 1473 veteribus
1407 1435 1537 1472 credat
1567 1436 1705 1472 Gram-

236 1497 400 1543 maricis,
424 1498 490 1548 qui
510 1513 557 1536 ex
578 1500 859 1537 commentariis
893 1501 970 1537 istis
988 1514 1075 1549 qua>
1104 1500 1318 1544 adducunt,
1343 1500 1483 1537 Caesari
1515 1498 1702 1546 tribuunt,

236 1573 311 1598 non
332 1561 452 1599 alteri.
514 1564 643 1606 Quare
664 1577 686 1600 a
706 1563 888 1600 Carrione
909 1563 1064 1613 quidem
1088 1564 1222 1601 merito
1241 1563 1417 1600 dissentit
1436 1563 1588 1613 Lipsius
1604 1563 1703 1601 libro

237 1624 359 1674 Epist.
398 1626 611 1669 Quaestion.
653 1638 703 1665 11.
739 1635 777 1667 ⁴2.
808 1634 847 1665 et
877 1628 1033 1665 Modius
1066 1628 1102 1664 in
1134 1627 1391 1676 Novantiquis
1422 1627 1534 1676 epist.
1558 1633 1647 1665 SO.:
1683 1640 1705 1665 a

238 1689 383 1727 Sabino
404 1697 529 1728 autem
551 1691 745 1742 discrepat
775 1693 1014 1730 Camerarius
1034 1692 1142 1729 initio
1164 1692 1350 1729 Notat-uin
1372 1691 1409 1728 in
1439 1702 1509 1728 111.
1532 1690 1580 1729 de
1603 1691 1704 1729 bello

240 1752 368 1791 Civili.
399 1754 496 1792 Haec
517 1768 562 1791 eo
592 1755 696 1800 dico,
718 1769 764 1793 ne
786 1755 990 1799 Carrionis,
1013 1762 1079 1792 aut
1110 1755 1269 1800 floridi,
1294 1762 1361 1792 aut
1394 1755 1546 1792 alterius
1574 1756 1703 1804 cujus·

241 1830 358 1867 quam
386 1817 579 1866 judicium
609 1819 658 1856 ab
687 1819 852 1857 lectione
893 1820 1265 1857 Commentariorum
1301 1820 1462 1856 Caesaris
1497 1819 1707 1857 absterreat

232 1880 508 1928 Juventtitem:
540 1895 642 1930 quae,
663 1883 762 1931 proli
795 1883 933 1920 dolor!
975 1883 1066 1921 satis
1087 1883 1307 1933 infrequens
1329 1890 1387 1921 est
1407 1883 1443 1920 in
1470 1883 1705 1921 nobilissimo

239 1948 358 1993 atque
391 1944 491 1982 adeo
525 1944 655 1981 divino
678 1946 752 1982 boc
784 1947 986 1995 scriptore.
1046 1948 1123 1984 Ant
1153 1947 1183 1983 si
1205 1947 1344 1996 quibus
1374 1947 1410 1983 in
1445 1947 1620 1984 manibus
1642 1947 1704 1991 sit,

242 2006 345 2045 haud
366 2006 441 2044 alio
464 2007 594 2057 legunt
615 2007 704 2051 fine,
726 2021 843 2058 quam
862 2009 913 2045 ob
927 2009 1101 2046 eximiam
1122 2011 1308 2047 Romanae
1329 2009 1468 2059 lingua:
1485 2010 1704 2059 puritatem,

240 2071 525 2121 verborumque
563 2071 835 2121 proprietatem
873 2086 1085 2110 summam:
1134 2086 1249 2123 snper
1287 2087 1363 2123 quo
1402 2080 1489 2111 ante
1528 2087 1596 2111 nos
1628 2087 1703 2112 non

240 2136 356 2173 semel
378 2135 515 2172 summi
538 2136 606 2172 viri
627 2143 715 2173 sunt
735 2138 950 2186 conquesti.
1008 2139 1108 2175 Sanc
1129 2151 1174 2174 ex
1211 2151 1257 2174 eo
1277 2137 1427 2174 haurire
1449 2144 1507 2174 est
1529 2138 1707 2176 maxima-

238 2212 324 2237 rum
345 2207 383 2237 et
405 2200 685 2237 utilissimarum
707 2213 832 2237 rerum
855 2201 1008 2250 copiam
1028 2215 1036 2238 :
1077 2214 1192 2251 quam
1211 2201 1276 2251 qui
1301 2202 1503 2239 verborum
1519 2202 1705 2252 elegantia

240 2264 413 2302 contenti
435 2264 646 2314 negligunt,
673 2265 795 2301 minus
816 2265 929 2302 etiam
949 2266 1076 2315 pueris
1097 2266 1266 2316 sapiunt,
1289 2267 1354 2316 qui
1377 2279 1574 2316 nunquam
1595 2267 1646 2304 ita
1666 2280 1705 2305 se

238 2327 384 2366 arboris
404 2326 605 2364 frondibus
625 2328 892 2373 oblectabunt‚
917 2336 957 2366 ut
972 2330 1144 2379 egregios
1164 2330 1248 2378 ejus
1270 2329 1417 2367 fructus
1439 2336 1703 2369 contemnant.

238 2391 355 2436 Quod
391 2391 422 2428 si
457 2391 549 2440 quid
580 2391 615 2428 in
652 2392 888 2430 nobilissimo
920 2395 1106 2443 scriptore
1137 2393 1372 2443 culpandum
1410 2394 1598 2440 videatur,
1628 2395 1702 2433 hoc

239 2468 358 2493 unum
380 2455 470 2493 illud
493 2455 619 2500 fuerit,
642 2457 746 2506 quod
771 2458 806 2493 in
829 2458 884 2502 iis,
908 2458 1097 2507 quaejure
1118 2460 1265 2507 optimo
1286 2467 1520 2496 verterentur
1540 2458 1574 2495 ei
1595 2457 1701 2501 vitio,

243 2520 524 2569 Harpocratem
557 2527 643 2569 agat
685 2521 741 2558 vel
775 2521 1013 2571 Sigaleonern
1047 2522 1284 2572 AEgyptium.
1342 2524 1398 2560 lta
1440 2524 1474 2559 in
1509 2520 1619 2560 tertio
1657 2519 1707 2557 de

242 2582 344 2620 bello
359 2583 471 2621 Civili
493 2584 841 2633 (quemadmodum
859 2593 897 2623 et
917 2586 1021 2636 apud
1044 2586 1358 2632 Hirtium)altuin
1381 2591 1428 2622 «le
1444 2600 1490 2622 eo
1511 2584 1704 2622 silentium

228 2651 311 2701 test,
333 2648 438 2696 quod
461 2648 591 2686 Caesar
611 2650 647 2685 in
669 2649 763 2687 urbe
791 2650 1049 2688 Alexandrina
1068 2650 1253 2689 adversus
1274 2652 1374 2688 cites
1394 2662 1582 2699 pugnans,
1604 2655 1644 2685 ut
1663 2661 1704 2686 se

241 2713 426 2757 tueretur,
456 2711 494 2749 in
523 2724 640 2751 naves
666 2712 832 2765 jusserit
856 2714 984 2769 ignem
1020 2714 1188 2761 immitti,
1220 2727 1296 2766 qua
1322 2712 1473 2751 flamma
1492 2718 1533 2751 et
1559 2710 1705 2752 navalia
