1872 3104
677 211 1014 242 LATINi'rA'rIS.

152 317 225 340 sum
241 306 422 340 tentorium
446 304 564 336 summi
587 303 695 336 Ducis
713 305 740 336 C
757 304 805 345 iii,

152 355 205 389 82,
220 354 271 382 94.
289 350 332 381 cf.
349 349 463 380 cohors.

110 393 297 424 Proevallare
311 393 417 422 locum
435 389 464 420 A
483 391 534 420 19.
578 388 704 420 vallum
721 398 806 428 prae-

152 436 288 472 ducere,
303 431 496 473 oppositum
513 431 563 462 illi
575 431 744 472 loco,aute
762 432 806 462 lo-

152 486 227 508 cum
243 476 335 506 illum
351 474 488 505 ducere.

110 519 300 550 Proeverlere
325 516 423 547 alicui
447 517 506 555 rei,
533 525 805 556 occurrere,-ca-

153 569 244 598 vere,
259 568 300 589 ne
316 557 375 589 fiat
393 559 425 590 G
445 559 500 597 vii,
518 562 571 590 33.

110 601 440 640 Pravumjumenlum,
454 602 531 641 vile,
543 601 662 632 inutile
672 600 704 632 G
718 599 763 638 iv,
778 602 808 630 2.

109 643 234 683 Preces,
249 643 344 683 dirae,
360 644 620 684 imprecationes
637 643 669 675 G
687 643 732 681 vi,
745 645 797 673 30.

109 685 290 724 Prehensio‚
306 695 409 726 genus
425 687 590 717 machinae
608 686 635 717 C
651 686 686 724 ii,
700 688 732 716 9.

109 727 267 768 Premere,
297 738 434 768 vexare,
460 729 492 759 in
524 729 698 769 angustias
724 727 812 758 redi-

148 780 245 812 gere,
260 772 390 812 magnis
421 771 584 802 molestiis
611 769 760 809 afficere,
775 774 813 800 ut

105 836 108 837 ν
153 823 230 845 cum
244 819 364 845 euntes
378 813 566 845 invadimus
583 813 619 844 G.
632 823 663 853 v,
678 815 730 844 32.
755 817 814 843 aut

154 855 362 897 fugientibus
378 857 541 887 instamus
557 856 589 888 G
605 856 639 896 ii,
653 859 706 886 24.
723 855 814 896 quod

155 908 233 939 cap.
261 908 310 939 sq.
340 899 374 929 in
401 898 518 929 eadem
547 909 582 930 re
617 903 671 929 est
690 907 813 937 urgere.

154 941 303 972 Premere
331 942 446 972 hostem
470 941 503 972 G
532 942 554 981 i,
583 944 636 972 52.
678 949 816 980 premere

107 1008 109 1011 .
155 984 349 1015 hoesitantem
365 983 396 1015 G
412 983 467 1023 vii,
490 985 541 1021 19.
587 993 635 1023 pr.
663 982 816 1013 obsidione

159 1026 187 1057 C
211 1026 259 1064 iii,
281 1029 312 1057 9.
353 1035 405 1066 pr.
428 1027 559 1066 aliquem
583 1026 658 1056 bello
675 1025 706 1056 G
723 1025 768 1063 iv,
785 1027 815 1055 1.

108 1091 114 1094 -
153 1078 204 1109 pr.
215 1069 324 1108 pra-lio
337 1068 365 1099 C
379 1068 402 1106 i,
417 1070 470 1099 64.
511 1078 562 1108 pr.
579 1068 650 1098 telis
665 1067 697 1098 G
715 1077 748 1106 v,
763 1069 817 1097 43.

153 1110 255 1151 premi
267 1110 531 1149 resrumenlaria,
542 1111 657 1150 inopia
670 1108 818 1140 frumen-

158 1153 185 1184 ti
199 1152 353 1184 laborare
365 1153 397 1184 G
411 1163 442 1192 v,
454 1155 506 1184 28.
549 1153 648 1193 premi
664 1151 821 1192 angustiis

157 1195 196 1227 ab
224 1195 338 1236 aliquo,
366 1196 401 1226 in
432 1196 605 1237 angustias
646 1195 820 1226 redactum

159 1238 276 1269 vexari
293 1238 325 1269 G
343 1238 388 1277 iii,
406 1241 457 1269 13.

119 1281 256 1312 Primus.
302 1279 355 1312 Cf.
372 1281 471 1312 Pilus.

118 1323 282 1364 Princeps,
299 1323 424 1363 primus
441 1323 472 1355 G
490 1322 512 1360 i,
527 1325 578 1354 12.
623 1323 679 1364 qui
696 1331 824 1354 summa

161 1366 252 1397 inter
267 1375 344 1397 suos
360 1370 411 1397 est
436 1365 642 1398 auctoritate
660 1370 696 1396 et
720 1364 826 1406 digni-

163 1412 236 1440 tate
253 1408 284 1439 G
309 1409 333 1447 i,
356 1411 408 1440 19.
455 1408 500 1441 cf.
529 1408 683 1440 honestus.
732 1408 826 1438 Prin-

162 1460 232 1491 ceps
255 1451 388 1489 consilii,
404 1456 524 1482 auctor
547 1455 582 1482 et
608 1460 724 1482 suasor
741 1451 773 1481 G
790 1450 824 1489 ii,

166 1496 217 1525 14.
260 1493 403 1534 princeps
416 1494 486 1524 belli
502 1492 673 1532 inserendi,
687 1493 743 1534 qui
769 1492 827 1523 ini-

165 1535 252 1567 tium
273 1536 303 1567 b.
331 1535 391 1566 inf.
417 1535 502 1567 fecit
527 1536 559 1567 G
582 1546 616 1575 v,
637 1538 690 1567 54.
713 1535 773 1574 vii,
797 1537 827 1565 2.

162 1578 308 1619 princeps
317 1579 406 1619 prior
420 1578 454 1608 in
469 1588 505 1609 re
517 1578 657 1609 militari
672 1578 700 1609 C
710 1577 759 1616 iii,
772 1580 826 1608 64.

165 1621 307 1661 princeps
319 1621 440 1652 sceleris
456 1621 488 1652 G
503 1621 574 1659 viii,
591 1622 643 1652 38.

125 1663 343 1703 Principatum
347 1663 503 1700 factionis
514 1666 631 1703 tenere,
647 1663 720 1704 ejus
736 1662 826 1703 prin-

170 1706 283 1746 cipem
301 1714 374 1736 esse
389 1705 422 1736 G
438 1706 463 1745 i,
479 1708 533 1736 31.

127 1748 302 1787 Pristinus,
320 1747 493 1788 pridianus
508 1748 540 1779 G
558 1747 604 1786 iv,
620 1750 671 1778 14.

127 1791 193 1822 Pro
226 1790 338 1821 scelere
365 1790 444 1831 (pro
475 1791 550 1831 ejus
581 1787 832 1829 magnitudine)

170 1832 276 1864 ulcisci
304 1833 336 1864 G
367 1833 391 1872 i,
418 1835 470 1864 14.
515 1842 573 1872 pro
598 1832 711 1863 castris
735 1831 831 1873 (ante

171 1874 302 1915 castra)
323 1876 490 1915 producere
508 1875 541 1907 G
568 1875 591 1914 i,
609 1877 671 1906 -48,
706 1875 753 1913 iv,
778 1877 832 1905 35.

168 1928 227 1959 pro
258 1917 405 1958 perfuga,
430 1922 591 1959 tanquam
614 1916 704 1958 perf.
731 1917 764 1948 G
785 1916 833 1953 iii,

173 1963 227 1992 18.
251 1959 309 1992 Af.
338 1963 391 1992 35.
441 1959 526 1998 facit
555 1960 611 1991 hoc
638 1970 695 2000 pro
724 1958 835 1997 amico,

173 2006 336 2045 tanquam
366 2002 494 2034 amicus
522 2003 550 2034 C
576 2002 623 2042 iii,
651 2004 725 2033 109.
777 2010 835 2041 pro

173 2055 248 2076 sano
256 2045 353 2086 facit,
368 2050 406 2076 ut
421 2055 521 2076 sanus
545 2048 583 2076 et
603 2044 739 2085 sapiens
756 2043 788 2075 G
803 2053 836 2081 v,

176 2090 210 2121 7.
219 2098 277 2128 pro
292 2087 356 2119 viso
369 2087 424 2129 (ut
439 2087 563 2128 visum)
573 2087 747 2125 renuntiat,
758 2087 838 2126 quod

165 2132 238 2161 ‘non
251 2130 331 2160 vidit
346 2130 379 2161 G
394 2130 418 2168 i,
434 2132 488 2161 22.
517 2140 575 2171 pro
589 2130 686 2160 occiso
700 2129 839 2160 sublatus

181 2172 209 2204 C
225 2171 272 2211 iii,
290 2174 362 2202 109.
407 2170 452 2203 cf.
468 2181 499 2203 c.
515 2175 590 2203 110.
623 2181 681 2212 pro
695 2181 748 2202 suo
759 2171 841 2212 peri-

181 2215 249 2246 culo
265 2214 292 2245 C
307 2213 357 2252 iii,
373 2217 446 2245 110.

139 2256 291 2296 Probare,
307 2256 513 2297 persuadere
529 2255 598 2295 Gi,
620 2258 650 2286 3.
672 2265 723 2296 pr.
747 2255 845 2286 virtu-

182 2302 256 2339 tem,
281 2297 431 2338 efficere,
459 2302 498 2329 ut
521 2302 678 2339 spectata
704 2299 750 2329 sit
766 2298 798 2329 G
813 2307 846 2335 ν,

142 2385 328 2416 Processus:
356 2385 456 2416 virtus
470 2383 562 2415 habet
579 2392 765 2424 processum,
780 2382 846 2413 vir-

186 2432 240 2458 tus
257 2431 308 2458 est
329 2436 441 2466 causa,
465 2431 504 2458 ut
518 2425 752 2467 procedamus,
762 2425 847 2457 ulte-

186 2469 255 2500 rius
292 2469 556 2510 progrediamur,
592 2469 626 2500 h.
657 2478 689 2500 e.
719 2467 847 2500 virtute

186 2511 364 2553 proficitur
377 2512 503 2554 aliquid
518 2511 550 2543 A
565 2514 619 2544 29.

144 2554 328 2587 proclinata
353 2564 414 2593 res,
437 2554 611 2594 inclinata,
638 2561 780 2594 vergens
804 2552 848 2584 ad

189 2597 366 2628 interitum
382 2598 415 2628 G
431 2597 491 2636 vii,
506 2599 561 2628 42.

147 2639 291 2671 Proclive
311 2638 445 2680 (facile)
460 2641 489 2671 ei
513 2642 558 2670 est
573 2638 635 2669 hoc
650 2636 768 2669 facere
785 2636 813 2668 C
828 2636 850 2675 i,

162 2678 166 2683 “
190 2684 244 2756 4Assf
276 2682 412 2723 proclive
421 2682 482 2724 (ad
495 2678 850 2721 efficiendum)‚facile

152 2766 350 2807 Proclioitas,
371 2767 465 2799 locus
481 2766 622 2799 declivis
638 2764 694 2798 Af.
710 2767 765 2796 37.

236 2827 349 2869 Delph.
357 2831 387 2860 et
407 2829 480 2861 Var.
499 2828 582 2860 Clas,
789 2825 850 2857 Iud

1477 202 1553 243 lxv

856 305 1055 345 Procurrere,
1080 304 1106 336 C
1136 304 1158 344 i,
1181 306 1235 345 48,
1260 307 1313 336 44.
1346 306 1381 344 ii,
1409 310 1460 338 34.
1507 309 1553 340 cf.

897 348 989 378 orbis.

858 390 994 421 Prodere
1021 389 1151 430 aliquem
1178 389 1204 421 C
1235 390 1259 428 i,
1284 392 1337 427 74,
1364 392 1417 421 76.
1466 393 1554 423 uncle

896 433 1038 472 proditus
1051 437 1087 463 et
1101 435 1296 463 conservatus
1309 433 1336 464 C
1352 433 1388 473 ii,
1402 434 1455 463 32.
1502 444 1560 474 op-

900 479 1084 515 ponuntur.
1122 474 1166 506 cf.
1202 475 1362 515 projicere.
1406 475 1467 507 Pr.
1496 486 1555 506 me-

898 517 997 547 moria
1013 517 1044 548 G
1062 527 1094 556 v,
1111 519 1161 548 12.
1183 520 1313 558 prodere
1327 517 1386 559 (ad
1404 521 1559 558 posteros

900 559 1109 599 propagare)
1125 562 1277 591 memorioe
1294 561 1325 592 G
1342 561 1388 601 vi,
1403 562 1455 592 26.
1499 571 1560 592 me-

900 602 1030 633 moriam
1046 602 1078 633 G
1095 603 1117 640 i,
1133 605 1184 634 13.

860 644 1035 675 Producere
1048 644 1152 685 copias
1164 654 1182 676 e
1199 646 1319 676 castris
1334 646 1376 677 ad
1409 646 1561 686 praelium

903 687 935 718 G
953 687 999 725 iii,
1017 690 1068 718 17.
1091 689 1178 727 prod.
1196 689 1292 718 aciem
1309 689 1335 720 C
1361 689 1383 728 i,
1397 690 1449 719 58.
1473 688 1562 720 idem

904 729 993 770 quod
1021 730 1186 770 explicare.
1233 731 1406 762 Producere
1434 731 1566 771 aliquem

903 773 1035 811 longius,
1052 773 1190 804 allicere
1215 772 1349 811 fraude,
1373 778 1410 804 ut
1434 774 1565 814 longius

906 815 1147 855 progrediatur
1175 815 1205 846 G
1230 816 1301 855 viii,
1317 818 1370 846 48.
1415 816 1566 855 allicere,

906 863 944 888 ut
962 857 1076 888 veniat
1093 857 1119 888 C
1136 857 1182 896 iii,
1199 860 1271 888 104.

867 898 1024 938 Proserre,
1036 899 1179 930 ulterius
1191 900 1375 939 provehere
1389 901 1420 932 G
1432 901 1501 939 viii,
1511 904 1567 933 41.

866 941 1033 983 Proficere,
1048 942 1126 972 satis
1138 941 1310 981 profectum
1323 947 1366 974 est
1381 945 1421 974 ml
1435 945 1567 982 laudem,

909 984 992 1015 satis
1020 982 1148 1015 factum
1175 989 1227 1016 est
1255 985 1296 1016 ad
1322 986 1455 1017 laudem
1480 986 1510 1016 G
1526 986 1570 1025 iv,

868 1068 1017 1111 Profiteri
1033 1071 1194 1109 indicium,
1209 1070 1315 1101 libere
1332 1076 1367 1102 et
1383 1071 1453 1102 sine
1475 1071 1571 1101 haesi-

913 1112 1043 1144 tatione
1057 1113 1208 1144 indicare
1224 1122 1298 1144 reos
1315 1114 1345 1144 A
1362 1118 1414 1145 55.
1434 1127 1438 1129 “

871 1154 1042 1186 Prohibere
1057 1155 1191 1196 finibus,
1218 1165 1334 1186 arcere
1362 1156 1395 1187 G
1408 1157 1430 1194 i,
1447 1159 1476 1187 l.
1520 1166 1574 1196 pa-

913 1196 1120 1229 halationibus
1148 1199 1178 1229 G
1212 1199 1233 1236 i,
1260 1202 1312 1229 15.
1357 1202 1525 1229 commeatu
1541 1199 1574 1229 G

915 1239 937 1279 i,
950 1243 1003 1271 49.
1032 1240 1193 1280 prohibere
1206 1250 1237 1270 se
1251 1240 1288 1270 ab
1303 1242 1431 1280 injuria,
1445 1251 1486 1271 ea
1501 1241 1576 1271 abs-

915 1283 1040 1323 tinere,
1063 1293 1105 1314 ne
1133 1283 1190 1313 alii
1214 1283 1342 1314 inferas
1369 1284 1523 1324 injuriam
1541 1284 1573 1314 G

916 1324 952 1364 ii,
965 1328 1018 1357 28.

875 1367 1036 1406 Projicere
1051 1369 1193 1409 aliquem,
1209 1369 1309 1400 saluti
1327 1370 1398 1409 ejus
1415 1378 1482 1399 non
1499 1378 1578 1400 con-

919 1412 1044 1449 sulere,
1060 1421 1135 1442 eum
1162 1412 1233 1451 pati
1261 1412 1293 1441 in
1318 1412 1471 1442 miserias
1498 1412 1581 1442 iuci-

920 1453 1002 1484 dere
1019 1455 1046 1485 C
1073 1455 1095 1493 i,
1121 1457 1174 1493 20,
1201 1457 1252 1486 30.
1279 1454 1315 1493 ii,
1330 1457 1382 1485 32.
1417 1464 1467 1494 pr.
1492 1464 1524 1485 se
1541 1464 1581 1485 ex

919 1497 1004 1535 navi,
1021 1497 1159 1527 desilire
1173 1497 1205 1527 G
1222 1496 1265 1536 iv,
1277 1499 1330 1528 25.
1373 1497 1522 1537 projicere
1538 1497 1582 1527 la-

919 1548 1042 1579 crymas
1056 1538 1087 1569 A
1103 1542 1157 1570 24.
1181 1549 1300 1579 synon.
1320 1539 1517 1580 profundere.

878 1580 1015 1612 Proinde
1029 1592 1066 1612 ac
1083 1582 1110 1612 C
1127 1581 1174 1619 iii,
1189 1585 1218 1619 l,
1233 1584 1287 1612 72.

880 1624 1021 1654 Prolatio
1033 1625 1108 1662 diei,
1124 1624 1243 1655 dilatio
1260 1624 1287 1655 C
1304 1624 1351 1665 iii⁷
1362 1627 1415 1655 32.

879 1666 1046 1698 Proluere:
1081 1670 1245 1707 tempestas
1282 1667 1431 1707 (pluvia)
1462 1666 1581 1708 proluit

921 1708 1008 1739 nit-es
1025 1710 1051 1739 C
1068 1710 1090 1747 i,
1105 1712 1159 1740 48.

880 1750 1110 1781 Promerilum:
1135 1760 1175 1781 ex
1187 1751 1356 1790 promerito
1371 1750 1426 1781 As.
1445 1754 1486 1781 90

881 1792 1067 1824 Promovere
1081 1796 1184 1824 castra
1197 1794 1228 1824 G
1245 1794 1265 1833 i,
1281 1796 1333 1824 48.

882 1834 1103 1875 Pronuntiare,
1118 1845 1278 1866 enarrare
1291 1836 1322 1866 G
1339 1835 1384 1875 iv,
1398 1840 1428 1867 5.
1473 1836 1584 1876 prolo-

925 1878 984 1918 qui
1007 1878 1035 1909 C
1061 1878 1096 1917 ii,
1128 1881 1179 1909 12.
1223 1878 1350 1917 signum
1372 1879 1587 1918 pronuntiare,

926 1920 1040 1951 verbis
1055 1919 1220 1958 indicare,
1238 1929 1326 1950 nunc
1348 1929 1422 1951 esse
1438 1925 1586 1961 tempus,

927 1963 1104 1994 clamando
1132 1963 1263 2003 signum
1289 1961 1369 1992 dare
1393 1963 1423 1993 G
1448 1962 1517 2001 viii,
1535 1966 1587 1993 15.

925 2005 1158 2045 pronuntiatur,
1206 2005 1369 2036 indicitur
1424 2005 1589 2036 militibus

925 2047 1024 2088 (iter)
1040 2048 1072 2080 G
1087 2057 1122 2089 v,
1138 2050 1191 2079 31.

888 2091 1012 2121 Pronus
1028 2091 1059 2122 G
1076 2091 1120 2131 iv,
1138 2093 1188 2121 17.

889 2134 1080 2173 Propellere,
1096 2133 1263 2174 repellere
1282 2132 1313 2163 G
1330 2133 1354 2170 i,
1372 2136 1424 2164 15.

891 2176 1028 2216 Propria
1040 2176 1171 2207 uictoria
1188 2175 1244 2206 Af.
1262 2177 1316 2215 32,
1332 2178 1385 2206 82.
1429 2176 1590 2216 proprium

934 2218 1083 2257 gaudium
1110 2217 1169 2249 Af.
1193 2221 1246 2249 91.
1288 2228 1396 2258 propr.
1410 2219 1592 2258 praeeidium

937 2261 989 2292 Ci
1017 2264 1070 2292 40.

894 2284 1031 2343 Propt'er
1044 2302 1166 2345 (pone)
1181 2313 1266 2335 mare
1280 2303 1343 2334 iter
1350 2303 1459 2341 facere
1469 2302 1526 2334 Af.
1539 2304 1592 2333 37.

934 2349 1064 2386 propter
1089 2349 1192 2377 castra
1215 2350 1465 2387 proetergreaeus,
1493 2354 1593 2386 pone,

939 2393 1065 2428 praeter
1078 2388 1136 2421 Af.
1151 2392 1204 2420 73.

896 2430 999 2462 Prora
1013 2435 1126 2470 erecta,
1143 2432 1244 2463 altior
1260 2431 1292 2462 G
1308 2431 1356 2471 iii,
1370 2433 1422 2462 13.

896 2474 1052 2505 Proruere
1063 2474 1261 2512 munitiones,
1276 2474 1410 2505 diruere
1421 2472 1544 2503 vallum
1562 2476 1596 2502 et

940 2526 1099 2557 aggerem
1117 2517 1150 2548 G
1163 2517 1212 2555 iii,
1228 2520 1281 2547 20.

902 2559 1049 2599 Prosequi
1064 2560 1195 2599 aliquem
1210 2558 1311 2589 verbis
1326 2557 1456 2597 benigne
1471 2556 1503 2587 G
1515 2556 1551 2595 ii,
1566 2558 1597 2586 5.

942 2609 1004 2641 pro
1030 2601 1191 2642 persequi
1208 2600 1239 2631 G
1254 2610 1288 2639 v,
1301 2603 1321 2631 9
1357 2600 1384 2631 C
1401 2600 1422 2640 i,
1436 2601 1489 2631 69.
1512 2598 1548 2638 ii,
1563 2600 1596 2635 8,

942 2645 982 2673 41
1019 2642 1052 2673 A
1068 2645 1121 2674 25.

899 2686 1097 2725 Prospectus,
1122 2684 1227 2724 locus,
1249 2684 1338 2716 unde
1364 2684 1513 2726 prospici
1541 2693 1595 2724 po-

943 2732 1012 2759 test
1027 2727 1059 2758 A
1075 2730 1127 2759 15.

902 2769 1043 2811 Proceri,
1060 2768 1205 2812 pedibus
1217 2769 1408 2802 conculcari
1422 2769 1454 2801 G
1466 2769 1534 2804 viii,
1546 2772 1599 2803 45,

887 2825 967 2857 Οιτε.
1501 2830 1515 2851 e
