<?xml version="1.0" encoding="UTF-8"?>
<!DOCTYPE html PUBLIC "-//W3C//DTD XHTML 1.0 Transitional//EN"
    "http://www.w3.org/TR/xhtml1/DTD/xhtml1-transitional.dtd">
<html xmlns="http://www.w3.org/1999/xhtml" xml:lang="en" lang="en">
 <head>
  <title>
</title>
<meta http-equiv="Content-Type" content="text/html;charset=utf-8" />
  <meta name='ocr-system' content='tesseract 3.04.00' />
  <meta name='ocr-capabilities' content='ocr_page ocr_carea ocr_par ocr_line ocrx_word'/>
</head>
<body>
  <div class='ocr_page' id='page_1' title='image "./operaomniaexedit05caesuoft/operaomniaexedit05caesuoft_0258.png"; bbox 0 0 1872 3104; ppageno 0'>
   <div class='ocr_carea' id='block_1_1' title="bbox 242 191 324 233">
    <p class='ocr_par' dir='ltr' id='par_1_1' title="bbox 242 191 324 233">
     <span class='ocr_line' id='line_1_1' title="bbox 242 191 324 233; baseline -0.024 0"><span class='ocrx_word' id='word_1_1' title='bbox 242 191 324 233; x_wconf 86' lang='lat' dir='ltr'>xlii</span> 
     </span>
    </p>
   </div>
   <div class='ocr_carea' id='block_1_2' title="bbox 242 293 964 2289">
    <p class='ocr_par' dir='ltr' id='par_1_2' title="bbox 242 293 943 369">
     <span class='ocr_line' id='line_1_2' title="bbox 242 293 943 369; baseline -0.007 -39"><span class='ocrx_word' id='word_1_2' title='bbox 242 295 426 369; x_wconf 45' lang='lat' dir='ltr'><em>Artiig‘cium</em></span> <span class='ocrx_word' id='word_1_3' title='bbox 453 295 638 338; x_wconf 84' lang='lat' dir='ltr'><em>opponitur</em></span> <span class='ocrx_word' id='word_1_4' title='bbox 665 293 783 326; x_wconf 82' lang='lat' dir='ltr'><em>virtuti</em></span> <span class='ocrx_word' id='word_1_5' title='bbox 807 293 834 326; x_wconf 93' lang='lat' dir='ltr'>C</span> <span class='ocrx_word' id='word_1_6' title='bbox 850 293 874 334; x_wconf 89' lang='lat' dir='ltr'><em>i,</em></span> <span class='ocrx_word' id='word_1_7' title='bbox 890 297 943 325; x_wconf 88' lang='grc'><em>58.</em></span> 
     </span>
    </p>

    <p class='ocr_par' dir='ltr' id='par_1_3' title="bbox 242 379 945 505">
     <span class='ocr_line' id='line_1_3' title="bbox 242 379 945 418; baseline -0.004 -5"><span class='ocrx_word' id='word_1_8' title='bbox 242 381 328 418; x_wconf 77' lang='lat' dir='ltr'><em>Arx.</em></span> <span class='ocrx_word' id='word_1_9' title='bbox 353 381 488 412; x_wconf 82' lang='lat' dir='ltr'><em>rudiore</em></span> <span class='ocrx_word' id='word_1_10' title='bbox 511 386 685 412; x_wconf 86' lang='lat' dir='ltr'><em>structura</em></span> <span class='ocrx_word' id='word_1_11' title='bbox 711 380 759 411; x_wconf 76' lang='lat' dir='ltr'><em>sic</em></span> <span class='ocrx_word' id='word_1_12' title='bbox 790 379 945 411; x_wconf 86' lang='lat' dir='ltr'><em>instituta</em></span> 
     </span>
     <span class='ocr_line' id='line_1_4' title="bbox 286 423 945 464; baseline -0.003 -9"><span class='ocrx_word' id='word_1_13' title='bbox 286 423 363 463; x_wconf 83' lang='lat' dir='ltr'><em>fuit,</em></span> <span class='ocrx_word' id='word_1_14' title='bbox 386 428 422 454; x_wconf 90' lang='lat' dir='ltr'><em>ut</em></span> <span class='ocrx_word' id='word_1_15' title='bbox 440 423 559 464; x_wconf 81' lang='lat' dir='ltr'><em>aliquis</em></span> <span class='ocrx_word' id='word_1_16' title='bbox 571 434 666 454; x_wconf 86' lang='lat' dir='ltr'><em>mons</em></span> <span class='ocrx_word' id='word_1_17' title='bbox 683 433 777 454; x_wconf 88' lang='lat' dir='ltr'><em>muro</em></span> <span class='ocrx_word' id='word_1_18' title='bbox 790 423 945 463; x_wconf 82' lang='lat' dir='ltr'><em>cingere-</em></span> 
     </span>
     <span class='ocr_line' id='line_1_5' title="bbox 287 466 860 505; baseline 0 -9"><span class='ocrx_word' id='word_1_19' title='bbox 287 471 354 497; x_wconf 92' lang='lat' dir='ltr'><em>tur.</em></span> <span class='ocrx_word' id='word_1_20' title='bbox 401 467 451 496; x_wconf 82' lang='lat' dir='ltr'><em>Ea</em></span> <span class='ocrx_word' id='word_1_21' title='bbox 463 475 545 505; x_wconf 61' lang='lat' dir='ltr'><em>ergo</em></span> <span class='ocrx_word' id='word_1_22' title='bbox 562 466 629 496; x_wconf 90' lang='lat' dir='ltr'><em>fuit</em></span> <span class='ocrx_word' id='word_1_23' title='bbox 647 476 706 496; x_wconf 79' lang='lat' dir='ltr'><em>arx</em></span> <span class='ocrx_word' id='word_1_24' title='bbox 724 468 754 497; x_wconf 92' lang='lat' dir='ltr'>G</span> <span class='ocrx_word' id='word_1_25' title='bbox 773 466 794 503; x_wconf 84' lang='lat' dir='ltr'><em>i,</em></span> <span class='ocrx_word' id='word_1_26' title='bbox 809 469 860 496; x_wconf 69' lang='lat'><em>38.</em></span> 
     </span>
    </p>

    <p class='ocr_par' dir='ltr' id='par_1_4' title="bbox 242 508 951 833">
     <span class='ocr_line' id='line_1_6' title="bbox 242 508 946 549; baseline -0.004 -9"><span class='ocrx_word' id='word_1_27' title='bbox 242 509 384 546; x_wconf 73' lang='lat' dir='ltr'><em>Asseres,</em></span> <span class='ocrx_word' id='word_1_28' title='bbox 408 508 501 546; x_wconf 78' lang='lat' dir='ltr'><em>tigna</em></span> <span class='ocrx_word' id='word_1_29' title='bbox 527 509 695 547; x_wconf 77' lang='lat' dir='ltr'><strong>tenuiora,</strong></span> <span class='ocrx_word' id='word_1_30' title='bbox 710 518 809 549; x_wconf 84' lang='lat' dir='ltr'><em>quam</em></span> <span class='ocrx_word' id='word_1_31' title='bbox 835 508 946 539; x_wconf 82' lang='lat' dir='ltr'><em>trabes</em></span> 
     </span>
     <span class='ocr_line' id='line_1_7' title="bbox 289 550 945 587; baseline 0 -7"><span class='ocrx_word' id='word_1_32' title='bbox 289 559 363 581; x_wconf 85' lang='lat' dir='ltr'><em>esse</em></span> <span class='ocrx_word' id='word_1_33' title='bbox 396 551 519 587; x_wconf 80' lang='lat' dir='ltr'><em>solent,</em></span> <span class='ocrx_word' id='word_1_34' title='bbox 547 556 583 580; x_wconf 90' lang='lat' dir='ltr'><em>ut</em></span> <span class='ocrx_word' id='word_1_35' title='bbox 600 551 626 580; x_wconf 81' lang='lat' dir='ltr'><em>si</em></span> <span class='ocrx_word' id='word_1_36' title='bbox 645 550 759 580; x_wconf 82' lang='lat' dir='ltr'><em>trabes</em></span> <span class='ocrx_word' id='word_1_37' title='bbox 787 550 945 581; x_wconf 71' lang='lat' dir='ltr'><em>dissecta·</em></span> 
     </span>
     <span class='ocr_line' id='line_1_8' title="bbox 287 592 947 631; baseline 0.002 -9"><span class='ocrx_word' id='word_1_38' title='bbox 287 597 403 622; x_wconf 85' lang='lat' dir='ltr'><em>essent</em></span> <span class='ocrx_word' id='word_1_39' title='bbox 420 592 451 621; x_wconf 93' lang='lat' dir='ltr'><em>in</em></span> <span class='ocrx_word' id='word_1_40' title='bbox 479 599 572 631; x_wconf 80' lang='lat' dir='ltr'><em>tigna</em></span> <span class='ocrx_word' id='word_1_41' title='bbox 594 592 760 622; x_wconf 79' lang='lat' dir='ltr'>tenuiora.</span> <span class='ocrx_word' id='word_1_42' title='bbox 808 594 947 623; x_wconf 77' lang='lat' dir='ltr'><em>Utcum-</em></span> 
     </span>
     <span class='ocr_line' id='line_1_9' title="bbox 288 633 949 675; baseline 0.003 -12"><span class='ocrx_word' id='word_1_43' title='bbox 288 643 361 675; x_wconf 72' lang='lat' dir='ltr'><em>que</em></span> <span class='ocrx_word' id='word_1_44' title='bbox 387 634 472 664; x_wconf 86' lang='lat' dir='ltr'><em>verti</em></span> <span class='ocrx_word' id='word_1_45' title='bbox 505 633 634 674; x_wconf 83' lang='lat' dir='ltr'><em>poterit</em></span> <span class='ocrx_word' id='word_1_46' title='bbox 665 635 770 664; x_wconf 72' lang='lat' dir='ltr'><em>sturke</em></span> <span class='ocrx_word' id='word_1_47' title='bbox 800 634 949 673; x_wconf 63' lang='grc' dir='ltr'><em>δίιυιξοη,</em></span> 
     </span>
     <span class='ocr_line' id='line_1_10' title="bbox 287 676 948 715; baseline 0.003 -9"><span class='ocrx_word' id='word_1_48' title='bbox 287 677 342 706; x_wconf 76' lang='lat' dir='ltr'><em>des</em></span> <span class='ocrx_word' id='word_1_49' title='bbox 368 678 496 715; x_wconf 78' lang='lat' dir='ltr'><em>perches</em></span> <span class='ocrx_word' id='word_1_50' title='bbox 524 676 656 715; x_wconf 57' lang='lat' dir='ltr'><em>§passa-es</em></span> <span class='ocrx_word' id='word_1_51' title='bbox 682 677 708 706; x_wconf 90' lang='lat' dir='ltr'>C</span> <span class='ocrx_word' id='word_1_52' title='bbox 735 676 768 713; x_wconf 93' lang='lat' dir='ltr'><em>ii,</em></span> <span class='ocrx_word' id='word_1_53' title='bbox 794 679 824 707; x_wconf 82' lang='grc'><em>2.</em></span> <span class='ocrx_word' id='word_1_54' title='bbox 848 676 879 707; x_wconf 83' lang='grc' dir='ltr'>Α</span> <span class='ocrx_word' id='word_1_55' title='bbox 899 681 948 709; x_wconf 84' lang='grc'><em>13.</em></span> 
     </span>
     <span class='ocr_line' id='line_1_11' title="bbox 290 717 948 756; baseline 0.002 -8"><span class='ocrx_word' id='word_1_56' title='bbox 290 717 342 749; x_wconf 85' lang='lat' dir='ltr'><em>ef.</em></span> <span class='ocrx_word' id='word_1_57' title='bbox 372 719 444 749; x_wconf 86' lang='lat' dir='ltr'><em>Liv.</em></span> <span class='ocrx_word' id='word_1_58' title='bbox 469 722 522 755; x_wconf 80' lang='lat'><em>38,</em></span> <span class='ocrx_word' id='word_1_59' title='bbox 548 724 579 749; x_wconf 84' lang='grc'><em>5.</em></span> <span class='ocrx_word' id='word_1_60' title='bbox 624 727 740 748; x_wconf 70' lang='lat' dir='ltr'><em>asseres</em></span> <span class='ocrx_word' id='word_1_61' title='bbox 757 717 885 756; x_wconf 73' lang='lat' dir='ltr'><em>sulcati.</em></span> <span class='ocrx_word' id='word_1_62' title='bbox 903 718 948 749; x_wconf 78' lang='lat' dir='ltr'><em>cf.</em></span> 
     </span>
     <span class='ocr_line' id='line_1_12' title="bbox 289 760 951 800; baseline -0.002 -8"><span class='ocrx_word' id='word_1_63' title='bbox 289 760 401 792; x_wconf 78' lang='lat' dir='ltr'><em>Tacit.</em></span> <span class='ocrx_word' id='word_1_64' title='bbox 433 762 466 793; x_wconf 82' lang='lat' dir='ltr'><em>H</em></span> <span class='ocrx_word' id='word_1_65' title='bbox 498 762 543 800; x_wconf 80' lang='lat' dir='ltr'><em>iv,</em></span> <span class='ocrx_word' id='word_1_66' title='bbox 575 763 627 791; x_wconf 86' lang='grc'><em>30.</em></span> <span class='ocrx_word' id='word_1_67' title='bbox 680 760 738 791; x_wconf 88' lang='lat' dir='ltr'><em>ubi</em></span> <span class='ocrx_word' id='word_1_68' title='bbox 768 770 883 791; x_wconf 70' lang='lat' dir='ltr'><em>asseres</em></span> <span class='ocrx_word' id='word_1_69' title='bbox 916 766 951 791; x_wconf 85' lang='lat' dir='ltr'><em>ct</em></span> 
     </span>
     <span class='ocr_line' id='line_1_13' title="bbox 291 802 404 833; baseline 0 0"><span class='ocrx_word' id='word_1_70' title='bbox 291 802 404 833; x_wconf 78' lang='lat' dir='ltr'><em>trabes.</em></span> 
     </span>
    </p>

    <p class='ocr_par' dir='ltr' id='par_1_5' title="bbox 245 844 952 926">
     <span class='ocr_line' id='line_1_14' title="bbox 245 844 952 885; baseline -0.001 -9"><span class='ocrx_word' id='word_1_71' title='bbox 245 846 291 876; x_wconf 75' lang='lat' dir='ltr'><em>At</em></span> <span class='ocrx_word' id='word_1_72' title='bbox 318 844 468 876; x_wconf 76' lang='lat' dir='ltr'><em>oefertur</em></span> <span class='ocrx_word' id='word_1_73' title='bbox 484 845 526 876; x_wconf 88' lang='lat' dir='ltr'><em>ad</em></span> <span class='ocrx_word' id='word_1_74' title='bbox 549 846 587 885; x_wconf 82' lang='lat' dir='ltr'><em>si,</em></span> <span class='ocrx_word' id='word_1_75' title='bbox 616 851 651 876; x_wconf 89' lang='lat' dir='ltr'><em>et</em></span> <span class='ocrx_word' id='word_1_76' title='bbox 675 850 728 876; x_wconf 85' lang='lat' dir='ltr'><em>est</em></span> <span class='ocrx_word' id='word_1_77' title='bbox 750 849 865 884; x_wconf 78' lang='lat' dir='ltr'><em>tamen,</em></span> <span class='ocrx_word' id='word_1_78' title='bbox 893 846 952 876; x_wconf 81' lang='lat' dir='ltr'><em>sal-</em></span> 
     </span>
     <span class='ocr_line' id='line_1_15' title="bbox 291 888 513 926; baseline 0 -8"><span class='ocrx_word' id='word_1_79' title='bbox 291 890 355 919; x_wconf 76' lang='lat' dir='ltr'><em>tem</em></span> <span class='ocrx_word' id='word_1_80' title='bbox 372 888 404 919; x_wconf 91' lang='lat' dir='ltr'>G</span> <span class='ocrx_word' id='word_1_81' title='bbox 421 888 444 926; x_wconf 93' lang='lat' dir='ltr'><em>i,</em></span> <span class='ocrx_word' id='word_1_82' title='bbox 460 891 513 919; x_wconf 71' lang='grc'><em>43.</em></span> 
     </span>
    </p>

    <p class='ocr_par' dir='ltr' id='par_1_6' title="bbox 251 931 957 1310">
     <span class='ocr_line' id='line_1_16' title="bbox 251 931 955 973; baseline -0.003 -12"><span class='ocrx_word' id='word_1_83' title='bbox 251 931 381 970; x_wconf 76' lang='lat' dir='ltr'><em>Atque:</em></span> <span class='ocrx_word' id='word_1_84' title='bbox 409 934 453 961; x_wconf 84' lang='lat' dir='ltr'><em>est</em></span> <span class='ocrx_word' id='word_1_85' title='bbox 466 931 522 961; x_wconf 82' lang='lat' dir='ltr'><em>hoc</em></span> <span class='ocrx_word' id='word_1_86' title='bbox 543 932 606 961; x_wconf 84' lang='lat' dir='ltr'><em>loco</em></span> <span class='ocrx_word' id='word_1_87' title='bbox 629 931 794 973; x_wconf 69' lang='lat' dir='ltr'><em>«edificium</em></span> <span class='ocrx_word' id='word_1_88' title='bbox 811 941 870 961; x_wconf 80' lang='lat' dir='ltr'><em>non</em></span> <span class='ocrx_word' id='word_1_89' title='bbox 893 931 955 960; x_wconf 75' lang='lat' dir='ltr'><em>‹lis-</em></span> 
     </span>
     <span class='ocr_line' id='line_1_17' title="bbox 290 973 953 1014; baseline 0.002 -11"><span class='ocrx_word' id='word_1_90' title='bbox 290 973 390 1004; x_wconf 78' lang='lat' dir='ltr'><em>sinu&#39;le</em></span> <span class='ocrx_word' id='word_1_91' title='bbox 405 977 495 1014; x_wconf 78' lang='lat' dir='ltr'><em>atque</em></span> <span class='ocrx_word' id='word_1_92' title='bbox 509 975 618 1011; x_wconf 72' lang='lat' dir='ltr'><em>altero,</em></span> <span class='ocrx_word' id='word_1_93' title='bbox 643 983 707 1004; x_wconf 90' lang='lat' dir='ltr'><em>non</em></span> <span class='ocrx_word' id='word_1_94' title='bbox 729 974 830 1004; x_wconf 81' lang='lat' dir='ltr'><em>aliter</em></span> <span class='ocrx_word' id='word_1_95' title='bbox 852 979 953 1013; x_wconf 86' lang='lat' dir='ltr'><em>atque</em></span> 
     </span>
     <span class='ocr_line' id='line_1_18' title="bbox 291 1016 954 1055; baseline -0.002 -9"><span class='ocrx_word' id='word_1_96' title='bbox 291 1016 402 1047; x_wconf 81' lang='lat' dir='ltr'><em>altero</em></span> <span class='ocrx_word' id='word_1_97' title='bbox 448 1019 521 1047; x_wconf 82' lang='lat' dir='ltr'><em>loco</em></span> <span class='ocrx_word' id='word_1_98' title='bbox 558 1021 738 1055; x_wconf 85' lang='lat' dir='ltr'><em>structum,</em></span> <span class='ocrx_word' id='word_1_99' title='bbox 779 1025 844 1046; x_wconf 90' lang='lat' dir='ltr'><em>non</em></span> <span class='ocrx_word' id='word_1_100' title='bbox 891 1016 954 1046; x_wconf 87' lang='lat' dir='ltr'><em>dis-</em></span> 
     </span>
     <span class='ocr_line' id='line_1_19' title="bbox 292 1059 955 1099; baseline 0 -11"><span class='ocrx_word' id='word_1_101' title='bbox 292 1059 401 1089; x_wconf 75' lang='lat' dir='ltr'><em>simile</em></span> <span class='ocrx_word' id='word_1_102' title='bbox 426 1059 488 1095; x_wconf 89' lang='lat' dir='ltr'><em>his,</em></span> <span class='ocrx_word' id='word_1_103' title='bbox 517 1068 592 1099; x_wconf 84' lang='lat' dir='ltr'><em>quae</em></span> <span class='ocrx_word' id='word_1_104' title='bbox 621 1064 699 1089; x_wconf 85' lang='lat' dir='ltr'><em>sunt</em></span> <span class='ocrx_word' id='word_1_105' title='bbox 725 1060 757 1088; x_wconf 91' lang='lat' dir='ltr'><em>in</em></span> <span class='ocrx_word' id='word_1_106' title='bbox 785 1059 894 1089; x_wconf 87' lang='lat' dir='ltr'><em>altero</em></span> <span class='ocrx_word' id='word_1_107' title='bbox 913 1060 955 1088; x_wconf 88' lang='lat' dir='ltr'><em>lo-</em></span> 
     </span>
     <span class='ocr_line' id='line_1_20' title="bbox 292 1101 956 1139; baseline 0 -9"><span class='ocrx_word' id='word_1_108' title='bbox 292 1109 335 1130; x_wconf 83' lang='lat' dir='ltr'><em>co</em></span> <span class='ocrx_word' id='word_1_109' title='bbox 362 1101 394 1131; x_wconf 78' lang='lat' dir='ltr'>A</span> <span class='ocrx_word' id='word_1_110' title='bbox 423 1104 473 1131; x_wconf 80' lang='grc'><em>18.</em></span> <span class='ocrx_word' id='word_1_111' title='bbox 520 1101 620 1131; x_wconf 83' lang='lat' dir='ltr'><em>utitur</em></span> <span class='ocrx_word' id='word_1_112' title='bbox 650 1105 733 1131; x_wconf 77' lang='lat' dir='ltr'><em>reste</em></span> <span class='ocrx_word' id='word_1_113' title='bbox 763 1103 879 1139; x_wconf 80' lang='lat' dir='ltr'><em>eudem,</em></span> <span class='ocrx_word' id='word_1_114' title='bbox 910 1105 956 1131; x_wconf 85' lang='lat' dir='ltr'><em>ut·</em></span> 
     </span>
     <span class='ocr_line' id='line_1_21' title="bbox 292 1141 956 1182; baseline 0.002 -10"><span class='ocrx_word' id='word_1_115' title='bbox 292 1152 349 1182; x_wconf 81' lang='lat' dir='ltr'><em>quc</em></span> <span class='ocrx_word' id='word_1_116' title='bbox 375 1143 456 1173; x_wconf 78' lang='lat' dir='ltr'><em>ulter</em></span> <span class='ocrx_word' id='word_1_117' title='bbox 483 1141 542 1174; x_wconf 84' lang='lat' dir='ltr'><em>Af.</em></span> <span class='ocrx_word' id='word_1_118' title='bbox 571 1146 623 1174; x_wconf 86' lang='grc'><em>57.</em></span> <span class='ocrx_word' id='word_1_119' title='bbox 661 1143 714 1174; x_wconf 78' lang='lat' dir='ltr'><em>Cf.</em></span> <span class='ocrx_word' id='word_1_120' title='bbox 746 1144 823 1174; x_wconf 84' lang='lat' dir='ltr'><em>Par.</em></span> <span class='ocrx_word' id='word_1_121' title='bbox 852 1144 956 1182; x_wconf 77' lang='lat' dir='ltr'><em>Atque</em></span> 
     </span>
     <span class='ocr_line' id='line_1_22' title="bbox 292 1186 957 1225; baseline 0.003 -10"><span class='ocrx_word' id='word_1_122' title='bbox 292 1194 357 1225; x_wconf 84' lang='lat' dir='ltr'><em>pro</em></span> <span class='ocrx_word' id='word_1_123' title='bbox 374 1186 494 1223; x_wconf 82' lang='lat' dir='ltr'><em>statim,</em></span> <span class='ocrx_word' id='word_1_124' title='bbox 517 1195 559 1216; x_wconf 79' lang='lat' dir='ltr'><em>ex</em></span> <span class='ocrx_word' id='word_1_125' title='bbox 577 1193 694 1217; x_wconf 73' lang='lat' dir='ltr'><em>mente</em></span> <span class='ocrx_word' id='word_1_126' title='bbox 718 1186 912 1217; x_wconf 84' lang='lat' dir='ltr'><em>Marklandi</em></span> <span class='ocrx_word' id='word_1_127' title='bbox 930 1187 957 1217; x_wconf 87' lang='lat' dir='ltr'>C</span> 
     </span>
     <span class='ocr_line' id='line_1_23' title="bbox 293 1226 955 1267; baseline 0.002 -9"><span class='ocrx_word' id='word_1_128' title='bbox 293 1228 317 1267; x_wconf 82' lang='lat' dir='ltr'><em>i,</em></span> <span class='ocrx_word' id='word_1_129' title='bbox 348 1230 401 1259; x_wconf 70' lang='grc'><em>21.</em></span> <span class='ocrx_word' id='word_1_130' title='bbox 427 1229 460 1266; x_wconf 89' lang='lat' dir='ltr'><em>ii,</em></span> <span class='ocrx_word' id='word_1_131' title='bbox 482 1231 536 1259; x_wconf 71' lang='lat'><em>42.</em></span> <span class='ocrx_word' id='word_1_132' title='bbox 561 1226 607 1259; x_wconf 89' lang='lat' dir='ltr'><em>cf.</em></span> <span class='ocrx_word' id='word_1_133' title='bbox 639 1234 708 1260; x_wconf 90' lang='lat' dir='ltr'><em>not.</em></span> <span class='ocrx_word' id='word_1_134' title='bbox 740 1228 783 1259; x_wconf 83' lang='lat' dir='ltr'><em>ad</em></span> <span class='ocrx_word' id='word_1_135' title='bbox 813 1228 871 1260; x_wconf 76' lang='lat' dir='ltr'><em>Af.</em></span> <span class='ocrx_word' id='word_1_136' title='bbox 902 1232 955 1259; x_wconf 74' lang='grc'><em>38.</em></span> 
     </span>
     <span class='ocr_line' id='line_1_24' title="bbox 293 1271 852 1310; baseline 0.004 -10"><span class='ocrx_word' id='word_1_137' title='bbox 293 1279 355 1310; x_wconf 84' lang='lat' dir='ltr'><em>pro</em></span> <span class='ocrx_word' id='word_1_138' title='bbox 371 1274 416 1308; x_wconf 82' lang='lat' dir='ltr'><em>at,</em></span> <span class='ocrx_word' id='word_1_139' title='bbox 432 1281 501 1301; x_wconf 72' lang='lat' dir='ltr'><em>rer-o</em></span> <span class='ocrx_word' id='word_1_140' title='bbox 518 1271 550 1302; x_wconf 92' lang='lat' dir='ltr'>G</span> <span class='ocrx_word' id='word_1_141' title='bbox 566 1271 611 1309; x_wconf 79' lang='lat' dir='ltr'><em>iv,</em></span> <span class='ocrx_word' id='word_1_142' title='bbox 626 1274 679 1302; x_wconf 85' lang='grc'><em>25.</em></span> <span class='ocrx_word' id='word_1_143' title='bbox 706 1272 733 1301; x_wconf 91' lang='lat' dir='ltr'>C</span> <span class='ocrx_word' id='word_1_144' title='bbox 747 1272 781 1308; x_wconf 88' lang='lat' dir='ltr'><em>ii,</em></span> <span class='ocrx_word' id='word_1_145' title='bbox 797 1275 852 1302; x_wconf 80' lang='lat'><em>29.</em></span> 
     </span>
    </p>

    <p class='ocr_par' dir='ltr' id='par_1_7' title="bbox 249 1312 956 1386">
     <span class='ocr_line' id='line_1_25' title="bbox 249 1312 956 1386; baseline 0.001 -43"><span class='ocrx_word' id='word_1_146' title='bbox 249 1312 420 1386; x_wconf 64' lang='lat' dir='ltr'><em>Atgngere</em></span> <span class='ocrx_word' id='word_1_147' title='bbox 452 1314 561 1353; x_wconf 82' lang='lat' dir='ltr'><em>locum,</em></span> <span class='ocrx_word' id='word_1_148' title='bbox 598 1314 629 1344; x_wconf 84' lang='lat' dir='ltr'><em>ei</em></span> <span class='ocrx_word' id='word_1_149' title='bbox 668 1314 848 1345; x_wconf 85' lang='lat' dir='ltr'><em>finitimum</em></span> <span class='ocrx_word' id='word_1_150' title='bbox 883 1323 956 1344; x_wconf 83' lang='lat' dir='ltr'><em>esse</em></span> 
     </span>
    </p>

    <p class='ocr_par' dir='ltr' id='par_1_8' title="bbox 349 1356 772 1386">
     <span class='ocr_line' id='line_1_26' title="bbox 349 1356 772 1386; baseline 0.005 -2"><span class='ocrx_word' id='word_1_151' title='bbox 349 1356 377 1385; x_wconf 90' lang='lat' dir='ltr'><em>iv</em></span> <span class='ocrx_word' id='word_1_152' title='bbox 409 1358 439 1386; x_wconf 80' lang='grc'><em>3.</em></span> <span class='ocrx_word' id='word_1_153' title='bbox 767 1368 772 1372; x_wconf 94' lang='grc'><em>·</em></span> 
     </span>
    </p>

    <p class='ocr_par' dir='ltr' id='par_1_9' title="bbox 250 1378 785 1440">
     <span class='ocr_line' id='line_1_27' title="bbox 250 1378 785 1440; baseline 0.002 -11"><span class='ocrx_word' id='word_1_154' title='bbox 250 1378 446 1430; x_wconf 72' lang='lat' dir='ltr'><em>Auribu’tus.</em></span> <span class='ocrx_word' id='word_1_155' title='bbox 469 1397 522 1429; x_wconf 86' lang='lat' dir='ltr'><em>Cf.</em></span> <span class='ocrx_word' id='word_1_156' title='bbox 549 1398 699 1437; x_wconf 77' lang='lat' dir='ltr'><em>I&#39;roesecti</em></span> <span class='ocrx_word' id='word_1_157' title='bbox 719 1409 785 1440; x_wconf 76' lang='lat' dir='ltr'><em>equ.</em></span> 
     </span>
    </p>

    <p class='ocr_par' dir='ltr' id='par_1_10' title="bbox 251 1439 549 1479">
     <span class='ocr_line' id='line_1_28' title="bbox 251 1439 549 1479; baseline 0 -8"><span class='ocrx_word' id='word_1_158' title='bbox 251 1439 389 1471; x_wconf 71' lang='lat' dir='ltr'><em>Aut-tior</em></span> <span class='ocrx_word' id='word_1_159' title='bbox 406 1441 436 1472; x_wconf 92' lang='lat' dir='ltr'>G</span> <span class='ocrx_word' id='word_1_160' title='bbox 455 1441 479 1479; x_wconf 88' lang='lat' dir='ltr'><em>i,</em></span> <span class='ocrx_word' id='word_1_161' title='bbox 495 1443 549 1471; x_wconf 73' lang='grc'><em>43.</em></span> 
     </span>
    </p>

    <p class='ocr_par' dir='ltr' id='par_1_11' title="bbox 253 1482 958 1565">
     <span class='ocr_line' id='line_1_29' title="bbox 253 1482 958 1524; baseline 0.001 -12"><span class='ocrx_word' id='word_1_162' title='bbox 253 1482 375 1513; x_wconf 82' lang='lat' dir='ltr'><em>Auctor</em></span> <span class='ocrx_word' id='word_1_163' title='bbox 401 1484 508 1520; x_wconf 65' lang='lat' dir='ltr'><em>cauis,</em></span> <span class='ocrx_word' id='word_1_164' title='bbox 537 1483 632 1524; x_wconf 88' lang='lat' dir='ltr'><em>cujus</em></span> <span class='ocrx_word' id='word_1_165' title='bbox 667 1494 777 1524; x_wconf 81' lang='lat' dir='ltr'><em>suasu,</em></span> <span class='ocrx_word' id='word_1_166' title='bbox 806 1485 958 1524; x_wconf 84' lang='lat' dir='ltr'><em>hortatu,</em></span> 
     </span>
     <span class='ocr_line' id='line_1_30' title="bbox 298 1526 762 1565; baseline 0.004 -10"><span class='ocrx_word' id='word_1_167' title='bbox 298 1534 417 1564; x_wconf 83' lang='lat' dir='ltr'><em>opera,</em></span> <span class='ocrx_word' id='word_1_168' title='bbox 434 1526 545 1556; x_wconf 53' lang='lat' dir='ltr'><em>caxdes</em></span> <span class='ocrx_word' id='word_1_169' title='bbox 559 1526 598 1556; x_wconf 81' lang='lat' dir='ltr'><em>fit</em></span> <span class='ocrx_word' id='word_1_170' title='bbox 616 1527 647 1557; x_wconf 81' lang='lat' dir='ltr'>G</span> <span class='ocrx_word' id='word_1_171' title='bbox 663 1536 693 1565; x_wconf 84' lang='lat' dir='ltr'><em>v,</em></span> <span class='ocrx_word' id='word_1_172' title='bbox 709 1530 762 1557; x_wconf 86' lang='grc'><em>25.</em></span> 
     </span>
    </p>

    <p class='ocr_par' dir='ltr' id='par_1_12' title="bbox 255 1567 959 1651">
     <span class='ocr_line' id='line_1_31' title="bbox 255 1567 959 1609; baseline 0 -11"><span class='ocrx_word' id='word_1_173' title='bbox 255 1567 448 1606; x_wconf 78' lang='lat' dir='ltr'><em>Auctoritas,</em></span> <span class='ocrx_word' id='word_1_174' title='bbox 478 1569 668 1600; x_wconf 78' lang='lat' dir='ltr'><em>cohortatio</em></span> <span class='ocrx_word' id='word_1_175' title='bbox 685 1569 774 1609; x_wconf 73' lang='lat' dir='ltr'><em>ejus,</em></span> <span class='ocrx_word' id='word_1_176' title='bbox 800 1568 855 1609; x_wconf 80' lang='lat' dir='ltr'><em>qui</em></span> <span class='ocrx_word' id='word_1_177' title='bbox 883 1578 959 1607; x_wconf 80' lang='lat' dir='ltr'><em>per-</em></span> 
     </span>
     <span class='ocr_line' id='line_1_32' title="bbox 298 1609 958 1651; baseline 0.003 -12"><span class='ocrx_word' id='word_1_178' title='bbox 298 1609 420 1640; x_wconf 73' lang='lat' dir='ltr'><em>suadet</em></span> <span class='ocrx_word' id='word_1_179' title='bbox 437 1611 466 1641; x_wconf 89' lang='lat' dir='ltr'>G</span> <span class='ocrx_word' id='word_1_180' title='bbox 483 1611 505 1649; x_wconf 91' lang='lat' dir='ltr'><em>i,</em></span> <span class='ocrx_word' id='word_1_181' title='bbox 521 1614 551 1641; x_wconf 84' lang='grc'><em>3.</em></span> <span class='ocrx_word' id='word_1_182' title='bbox 599 1612 792 1651; x_wconf 81' lang='lat' dir='ltr'><em>exemplum</em></span> <span class='ocrx_word' id='word_1_183' title='bbox 811 1612 841 1642; x_wconf 87' lang='lat' dir='ltr'>G</span> <span class='ocrx_word' id='word_1_184' title='bbox 861 1611 908 1650; x_wconf 84' lang='lat' dir='ltr'><em>iii,</em></span> <span class='ocrx_word' id='word_1_185' title='bbox 929 1614 958 1641; x_wconf 81' lang='grc'><em>8.</em></span> 
     </span>
    </p>

    <p class='ocr_par' dir='ltr' id='par_1_13' title="bbox 254 1651 959 1725">
     <span class='ocr_line' id='line_1_33' title="bbox 254 1651 959 1693; baseline 0.001 -11"><span class='ocrx_word' id='word_1_186' title='bbox 254 1651 429 1692; x_wconf 76' lang='lat' dir='ltr'><em>Aucupari,</em></span> <span class='ocrx_word' id='word_1_187' title='bbox 467 1659 655 1693; x_wconf 74' lang='lat' dir='ltr'><em>expectare</em></span> <span class='ocrx_word' id='word_1_188' title='bbox 693 1659 729 1684; x_wconf 86' lang='lat' dir='ltr'><em>et</em></span> <span class='ocrx_word' id='word_1_189' title='bbox 766 1654 959 1692; x_wconf 78' lang='lat' dir='ltr'><em>observare,</em></span> 
     </span>
     <span class='ocr_line' id='line_1_34' title="bbox 299 1694 626 1725; baseline 0.003 -1"><span class='ocrx_word' id='word_1_190' title='bbox 299 1694 409 1725; x_wconf 86' lang='lat' dir='ltr'><em>donec</em></span> <span class='ocrx_word' id='word_1_191' title='bbox 426 1694 487 1725; x_wconf 83' lang='lat' dir='ltr'><em>fiat</em></span> <span class='ocrx_word' id='word_1_192' title='bbox 501 1695 558 1725; x_wconf 72' lang='lat' dir='ltr'><em>As.</em></span> <span class='ocrx_word' id='word_1_193' title='bbox 574 1700 626 1725; x_wconf 72' lang='lat'><em>58.</em></span> 
     </span>
    </p>

    <p class='ocr_par' dir='ltr' id='par_1_14' title="bbox 259 1736 788 1775">
     <span class='ocr_line' id='line_1_35' title="bbox 259 1736 788 1775; baseline 0 -7"><span class='ocrx_word' id='word_1_194' title='bbox 259 1736 430 1774; x_wconf 76' lang='lat' dir='ltr'><em>Audacter,</em></span> <span class='ocrx_word' id='word_1_195' title='bbox 447 1737 519 1767; x_wconf 76' lang='lat' dir='ltr'><em>siue</em></span> <span class='ocrx_word' id='word_1_196' title='bbox 537 1742 630 1768; x_wconf 80' lang='lat' dir='ltr'><em>metu</em></span> <span class='ocrx_word' id='word_1_197' title='bbox 647 1737 678 1768; x_wconf 92' lang='lat' dir='ltr'>G</span> <span class='ocrx_word' id='word_1_198' title='bbox 696 1737 718 1775; x_wconf 88' lang='lat' dir='ltr'><em>i,</em></span> <span class='ocrx_word' id='word_1_199' title='bbox 738 1740 788 1769; x_wconf 84' lang='grc'><em>18.</em></span> 
     </span>
    </p>

    <p class='ocr_par' dir='ltr' id='par_1_15' title="bbox 255 1778 959 1818">
     <span class='ocr_line' id='line_1_36' title="bbox 255 1778 959 1818; baseline 0.003 -10"><span class='ocrx_word' id='word_1_200' title='bbox 255 1778 401 1818; x_wconf 72' lang='grc' dir='ltr'><em>Αιιᾱὶιὶυ,</em></span> <span class='ocrx_word' id='word_1_201' title='bbox 414 1789 538 1818; x_wconf 78' lang='lat' dir='ltr'><em>sermo,</em></span> <span class='ocrx_word' id='word_1_202' title='bbox 554 1790 667 1810; x_wconf 87' lang='lat' dir='ltr'><em>rumor</em></span> <span class='ocrx_word' id='word_1_203' title='bbox 680 1780 712 1811; x_wconf 90' lang='lat' dir='ltr'>G</span> <span class='ocrx_word' id='word_1_204' title='bbox 727 1781 771 1816; x_wconf 90' lang='lat' dir='ltr'><em>iv,</em></span> <span class='ocrx_word' id='word_1_205' title='bbox 784 1785 815 1811; x_wconf 90' lang='lat'><em>5.</em></span> <span class='ocrx_word' id='word_1_206' title='bbox 834 1779 891 1817; x_wconf 84' lang='lat' dir='ltr'><em>vii,</em></span> <span class='ocrx_word' id='word_1_207' title='bbox 906 1782 959 1810; x_wconf 74' lang='lat'><em>42.</em></span> 
     </span>
    </p>

    <p class='ocr_par' dir='ltr' id='par_1_16' title="bbox 257 1821 963 1905">
     <span class='ocr_line' id='line_1_37' title="bbox 257 1821 963 1862; baseline 0.001 -11"><span class='ocrx_word' id='word_1_208' title='bbox 257 1823 404 1860; x_wconf 74' lang='lat' dir='ltr'><em>Arersus,</em></span> <span class='ocrx_word' id='word_1_209' title='bbox 417 1821 549 1862; x_wconf 82' lang='lat' dir='ltr'><em>fugiens</em></span> <span class='ocrx_word' id='word_1_210' title='bbox 565 1823 595 1853; x_wconf 82' lang='lat' dir='ltr'>G</span> <span class='ocrx_word' id='word_1_211' title='bbox 613 1823 636 1861; x_wconf 86' lang='lat' dir='ltr'><em>i,</em></span> <span class='ocrx_word' id='word_1_212' title='bbox 650 1826 702 1854; x_wconf 84' lang='lat'><em>26.</em></span> <span class='ocrx_word' id='word_1_213' title='bbox 721 1823 755 1859; x_wconf 85' lang='lat' dir='ltr'><em>ii,</em></span> <span class='ocrx_word' id='word_1_214' title='bbox 771 1826 824 1855; x_wconf 78' lang='lat'><em>25.</em></span> <span class='ocrx_word' id='word_1_215' title='bbox 862 1823 963 1854; x_wconf 69' lang='lat' dir='ltr'><em>aversi</em></span> 
     </span>
     <span class='ocr_line' id='line_1_38' title="bbox 300 1864 779 1905; baseline 0.006 -12"><span class='ocrx_word' id='word_1_216' title='bbox 300 1864 513 1904; x_wconf 73' lang='lat' dir='ltr'><em>vulnerantur,</em></span> <span class='ocrx_word' id='word_1_217' title='bbox 529 1875 548 1895; x_wconf 83' lang='lat' dir='ltr'><em>a</em></span> <span class='ocrx_word' id='word_1_218' title='bbox 565 1870 661 1905; x_wconf 81' lang='lat' dir='ltr'><em>tergo</em></span> <span class='ocrx_word' id='word_1_219' title='bbox 679 1865 708 1896; x_wconf 77' lang='lat' dir='ltr'><strong>A</strong></span> <span class='ocrx_word' id='word_1_220' title='bbox 726 1869 779 1896; x_wconf 91' lang='grc'><em>30.</em></span> 
     </span>
    </p>

    <p class='ocr_par' dir='ltr' id='par_1_17' title="bbox 257 1907 964 2074">
     <span class='ocr_line' id='line_1_39' title="bbox 257 1907 963 1947; baseline -0.001 -9"><span class='ocrx_word' id='word_1_221' title='bbox 257 1907 409 1938; x_wconf 74' lang='lat' dir='ltr'><em>Avertere</em></span> <span class='ocrx_word' id='word_1_222' title='bbox 424 1907 544 1947; x_wconf 82' lang='lat' dir='ltr'><em>flumen</em></span> <span class='ocrx_word' id='word_1_223' title='bbox 560 1908 660 1945; x_wconf 78' lang='lat' dir='ltr'><em>fossis</em></span> <span class='ocrx_word' id='word_1_224' title='bbox 676 1910 703 1939; x_wconf 88' lang='lat' dir='ltr'>C</span> <span class='ocrx_word' id='word_1_225' title='bbox 729 1909 751 1947; x_wconf 84' lang='lat' dir='ltr'><em>i,</em></span> <span class='ocrx_word' id='word_1_226' title='bbox 776 1912 830 1939; x_wconf 82' lang='lat'><em>61.</em></span> <span class='ocrx_word' id='word_1_227' title='bbox 875 1917 963 1938; x_wconf 77' lang='lat' dir='ltr'><em>over-</em></span> 
     </span>
     <span class='ocr_line' id='line_1_40' title="bbox 301 1950 963 1988; baseline 0.002 -10"><span class='ocrx_word' id='word_1_228' title='bbox 301 1951 365 1980; x_wconf 73' lang='grc' dir='ltr'>εει-ε</span> <span class='ocrx_word' id='word_1_229' title='bbox 382 1950 443 1979; x_wconf 81' lang='lat' dir='ltr'><em>iter</em></span> <span class='ocrx_word' id='word_1_230' title='bbox 458 1950 496 1979; x_wconf 74' lang='lat' dir='ltr'><em>ab</em></span> <span class='ocrx_word' id='word_1_231' title='bbox 520 1950 618 1988; x_wconf 77' lang='lat' dir='ltr'><em>hoste,</em></span> <span class='ocrx_word' id='word_1_232' title='bbox 648 1960 725 1980; x_wconf 86' lang='lat' dir='ltr'><em>eum</em></span> <span class='ocrx_word' id='word_1_233' title='bbox 754 1961 820 1980; x_wconf 87' lang='lat' dir='ltr'><em>non</em></span> <span class='ocrx_word' id='word_1_234' title='bbox 836 1950 963 1981; x_wconf 75' lang='lat' dir='ltr'><em>&lt;liutius</em></span> 
     </span>
     <span class='ocr_line' id='line_1_41' title="bbox 300 1990 964 2032; baseline -0.002 -10"><span class='ocrx_word' id='word_1_235' title='bbox 300 1990 437 2032; x_wconf 80' lang='lat' dir='ltr'><em>insequi</em></span> <span class='ocrx_word' id='word_1_236' title='bbox 466 1992 495 2023; x_wconf 86' lang='lat' dir='ltr'>G</span> <span class='ocrx_word' id='word_1_237' title='bbox 513 2002 533 2030; x_wconf 82' lang='lat' dir='ltr'><em>i,</em></span> <span class='ocrx_word' id='word_1_238' title='bbox 565 1996 618 2023; x_wconf 85' lang='grc'><em>23.</em></span> <span class='ocrx_word' id='word_1_239' title='bbox 664 1995 803 2023; x_wconf 70' lang='lat' dir='ltr'><em>avertere</em></span> <span class='ocrx_word' id='word_1_240' title='bbox 836 1993 897 2022; x_wconf 78' lang='lat' dir='ltr'><em>iter</em></span> <span class='ocrx_word' id='word_1_241' title='bbox 925 1992 964 2022; x_wconf 78' lang='lat' dir='ltr'><em>ab</em></span> 
     </span>
     <span class='ocr_line' id='line_1_42' title="bbox 301 2034 941 2074; baseline -0.002 -9"><span class='ocrx_word' id='word_1_242' title='bbox 301 2034 377 2072; x_wconf 77' lang='lat' dir='ltr'><em>loco,</em></span> <span class='ocrx_word' id='word_1_243' title='bbox 392 2035 603 2065; x_wconf 77' lang='lat' dir='ltr'><em>contendere</em></span> <span class='ocrx_word' id='word_1_244' title='bbox 619 2035 778 2066; x_wconf 81' lang='lat' dir='ltr'><em>aliorsum</em></span> <span class='ocrx_word' id='word_1_245' title='bbox 805 2035 836 2066; x_wconf 91' lang='lat' dir='ltr'>G</span> <span class='ocrx_word' id='word_1_246' title='bbox 851 2035 874 2074; x_wconf 86' lang='lat' dir='ltr'><em>i,</em></span> <span class='ocrx_word' id='word_1_247' title='bbox 889 2037 941 2066; x_wconf 81' lang='lat'><em>16.</em></span> 
     </span>
    </p>

    <p class='ocr_par' dir='ltr' id='par_1_18' title="bbox 258 2076 647 2115">
     <span class='ocr_line' id='line_1_43' title="bbox 258 2076 647 2115; baseline 0 -7"><span class='ocrx_word' id='word_1_248' title='bbox 258 2076 462 2108; x_wconf 68' lang='lat' dir='ltr'><em>Auxiliarae&#39;us</em></span> <span class='ocrx_word' id='word_1_249' title='bbox 483 2077 514 2108; x_wconf 92' lang='lat' dir='ltr'>G</span> <span class='ocrx_word' id='word_1_250' title='bbox 533 2078 647 2115; x_wconf 81' lang='lat' dir='ltr'><em>viii‚5.</em></span> 
     </span>
    </p>

    <p class='ocr_par' dir='ltr' id='par_1_19' title="bbox 260 2119 964 2237">
     <span class='ocr_line' id='line_1_44' title="bbox 260 2119 963 2157; baseline -0.001 -6"><span class='ocrx_word' id='word_1_251' title='bbox 260 2119 427 2151; x_wconf 72' lang='lat' dir='ltr'><em>Auxilium</em></span> <span class='ocrx_word' id='word_1_252' title='bbox 463 2120 608 2151; x_wconf 78' lang='lat' dir='ltr'><em>hortandi</em></span> <span class='ocrx_word' id='word_1_253' title='bbox 638 2121 734 2157; x_wconf 74' lang='lat' dir='ltr'><em>deest,</em></span> <span class='ocrx_word' id='word_1_254' title='bbox 773 2120 870 2150; x_wconf 78' lang='lat' dir='ltr'><em>deest</em></span> <span class='ocrx_word' id='word_1_255' title='bbox 905 2119 963 2150; x_wconf 84' lang='lat' dir='ltr'><em>ali-</em></span> 
     </span>
     <span class='ocr_line' id='line_1_45' title="bbox 303 2161 964 2204; baseline 0.006 -14"><span class='ocrx_word' id='word_1_256' title='bbox 303 2161 398 2202; x_wconf 89' lang='lat' dir='ltr'><em>quid,</em></span> <span class='ocrx_word' id='word_1_257' title='bbox 415 2162 503 2201; x_wconf 85' lang='lat' dir='ltr'><em>qnod</em></span> <span class='ocrx_word' id='word_1_258' title='bbox 521 2163 747 2194; x_wconf 78' lang='lat' dir='ltr'><em>cohortationi</em></span> <span class='ocrx_word' id='word_1_259' title='bbox 765 2163 829 2193; x_wconf 77' lang='lat' dir='ltr'><em>viui</em></span> <span class='ocrx_word' id='word_1_260' title='bbox 848 2162 964 2204; x_wconf 80' lang='lat' dir='ltr'><em>addat,</em></span> 
     </span>
     <span class='ocr_line' id='line_1_46' title="bbox 305 2202 823 2237; baseline 0.006 -3"><span class='ocrx_word' id='word_1_261' title='bbox 305 2213 378 2234; x_wconf 81' lang='lat' dir='ltr'><em>cam</em></span> <span class='ocrx_word' id='word_1_262' title='bbox 394 2202 568 2237; x_wconf 81' lang='lat' dir='ltr'><em>efficacem</em></span> <span class='ocrx_word' id='word_1_263' title='bbox 583 2205 706 2237; x_wconf 82' lang='lat' dir='ltr'><em>reddat</em></span> <span class='ocrx_word' id='word_1_264' title='bbox 722 2205 754 2237; x_wconf 84' lang='lat' dir='ltr'><strong>A</strong></span> <span class='ocrx_word' id='word_1_265' title='bbox 772 2209 823 2237; x_wconf 90' lang='grc'><em>10.</em></span> 
     </span>
    </p>

    <p class='ocr_par' dir='ltr' id='par_1_20' title="bbox 261 2244 648 2289">
     <span class='ocr_line' id='line_1_47' title="bbox 261 2244 648 2289; baseline 0.003 -10"><span class='ocrx_word' id='word_1_266' title='bbox 261 2244 345 2279; x_wconf 75' lang='lat' dir='ltr'><em>Axis</em></span> <span class='ocrx_word' id='word_1_267' title='bbox 361 2247 413 2277; x_wconf 85' lang='lat' dir='ltr'><em>vel</em></span> <span class='ocrx_word' id='word_1_268' title='bbox 428 2248 506 2279; x_wconf 66' lang='lat' dir='ltr'><em>assis</em></span> <span class='ocrx_word' id='word_1_269' title='bbox 523 2249 549 2279; x_wconf 96' lang='lat' dir='ltr'>C</span> <span class='ocrx_word' id='word_1_270' title='bbox 566 2248 601 2289; x_wconf 88' lang='lat' dir='ltr'><em>ii,</em></span> <span class='ocrx_word' id='word_1_271' title='bbox 617 2252 648 2280; x_wconf 84' lang='grc'><em>9.</em></span> 
     </span>
    </p>
   </div>
   <div class='ocr_carea' id='block_1_3' title="bbox 599 2378 629 2409">
    <p class='ocr_par' dir='ltr' id='par_1_21' title="bbox 599 2378 629 2409">
     <span class='ocr_line' id='line_1_48' title="bbox 599 2378 629 2409; baseline 0 0"><span class='ocrx_word' id='word_1_272' title='bbox 599 2378 629 2409; x_wconf 88' lang='grc' dir='ltr'>Β</span> 
     </span>
    </p>
   </div>
   <div class='ocr_carea' id='block_1_4' title="bbox 265 2460 970 2801">
    <p class='ocr_par' dir='ltr' id='par_1_22' title="bbox 265 2460 970 2707">
     <span class='ocr_line' id='line_1_49' title="bbox 265 2460 967 2504; baseline -0.001 -12"><span class='ocrx_word' id='word_1_273' title='bbox 265 2460 404 2501; x_wconf 69' lang='lat' dir='ltr'><em>Bausta,</em></span> <span class='ocrx_word' id='word_1_274' title='bbox 429 2460 584 2493; x_wconf 76' lang='lat' dir='ltr'><em>machina</em></span> <span class='ocrx_word' id='word_1_275' title='bbox 605 2462 740 2502; x_wconf 84' lang='lat' dir='ltr'><em>bellica,</em></span> <span class='ocrx_word' id='word_1_276' title='bbox 756 2472 823 2504; x_wconf 84' lang='lat' dir='ltr'><em>qua</em></span> <span class='ocrx_word' id='word_1_277' title='bbox 839 2461 967 2500; x_wconf 80' lang='lat' dir='ltr'><em>trabes,</em></span> 
     </span>
     <span class='ocr_line' id='line_1_50' title="bbox 309 2505 968 2546; baseline 0 -12"><span class='ocrx_word' id='word_1_278' title='bbox 309 2508 346 2534; x_wconf 83' lang='lat' dir='ltr'><em>et</em></span> <span class='ocrx_word' id='word_1_279' title='bbox 370 2513 513 2543; x_wconf 82' lang='lat' dir='ltr'>asseres,</span> <span class='ocrx_word' id='word_1_280' title='bbox 529 2509 564 2536; x_wconf 87' lang='lat' dir='ltr'><em>et</em></span> <span class='ocrx_word' id='word_1_281' title='bbox 592 2505 736 2546; x_wconf 76' lang='lat' dir='ltr'><em>lapides,</em></span> <span class='ocrx_word' id='word_1_282' title='bbox 763 2505 968 2545; x_wconf 83' lang='lat' dir='ltr'><em>omninoque</em></span> 
     </span>
     <span class='ocr_line' id='line_1_51' title="bbox 307 2547 967 2586; baseline 0 -9"><span class='ocrx_word' id='word_1_283' title='bbox 307 2547 377 2577; x_wconf 75' lang='lat' dir='ltr'><em>tela</em></span> <span class='ocrx_word' id='word_1_284' title='bbox 393 2547 553 2586; x_wconf 86' lang='lat' dir='ltr'><em>maxima,</em></span> <span class='ocrx_word' id='word_1_285' title='bbox 568 2558 697 2579; x_wconf 88' lang='lat' dir='ltr'><em>summa</em></span> <span class='ocrx_word' id='word_1_286' title='bbox 711 2549 744 2578; x_wconf 92' lang='lat' dir='ltr'><em>vi</em></span> <span class='ocrx_word' id='word_1_287' title='bbox 773 2549 967 2580; x_wconf 86' lang='lat' dir='ltr'><em>mittuntur.</em></span> 
     </span>
     <span class='ocr_line' id='line_1_52' title="bbox 309 2589 968 2630; baseline 0.003 -12"><span class='ocrx_word' id='word_1_288' title='bbox 309 2589 434 2630; x_wconf 79' lang='lat' dir='ltr'><em>Veget.</em></span> <span class='ocrx_word' id='word_1_289' title='bbox 453 2590 495 2621; x_wconf 85' lang='lat' dir='ltr'><em>de</em></span> <span class='ocrx_word' id='word_1_290' title='bbox 524 2600 560 2621; x_wconf 84' lang='lat' dir='ltr'><em>re</em></span> <span class='ocrx_word' id='word_1_291' title='bbox 589 2591 659 2622; x_wconf 89' lang='lat' dir='ltr'><em>mil.</em></span> <span class='ocrx_word' id='word_1_292' title='bbox 692 2591 737 2630; x_wconf 87' lang='lat' dir='ltr'><em>iv,</em></span> <span class='ocrx_word' id='word_1_293' title='bbox 752 2594 805 2622; x_wconf 83' lang='lat'><em>22.</em></span> <span class='ocrx_word' id='word_1_294' title='bbox 831 2590 857 2621; x_wconf 94' lang='lat' dir='ltr'>C</span> <span class='ocrx_word' id='word_1_295' title='bbox 875 2590 910 2630; x_wconf 90' lang='lat' dir='ltr'><em>ii,</em></span> <span class='ocrx_word' id='word_1_296' title='bbox 935 2594 968 2621; x_wconf 90' lang='grc'><em>2.</em></span> 
     </span>
     <span class='ocr_line' id='line_1_53' title="bbox 310 2633 970 2673; baseline 0.005 -13"><span class='ocrx_word' id='word_1_297' title='bbox 310 2636 347 2661; x_wconf 83' lang='lat' dir='ltr'><em>ut</em></span> <span class='ocrx_word' id='word_1_298' title='bbox 366 2633 448 2663; x_wconf 81' lang='lat' dir='ltr'><em>Tac.</em></span> <span class='ocrx_word' id='word_1_299' title='bbox 469 2633 508 2664; x_wconf 84' lang='grc' dir='ltr'><em>Α.</em></span> <span class='ocrx_word' id='word_1_300' title='bbox 526 2633 561 2673; x_wconf 90' lang='lat' dir='ltr'><em>ii,</em></span> <span class='ocrx_word' id='word_1_301' title='bbox 576 2637 629 2665; x_wconf 89' lang='grc'><em>20.</em></span> <span class='ocrx_word' id='word_1_302' title='bbox 657 2634 768 2665; x_wconf 71' lang='lat' dir='ltr'><em>missae</em></span> <span class='ocrx_word' id='word_1_303' title='bbox 786 2644 804 2665; x_wconf 87' lang='lat' dir='ltr'>e</span> <span class='ocrx_word' id='word_1_304' title='bbox 823 2638 970 2665; x_wconf 87' lang='lat' dir='ltr'><em>tormen-</em></span> 
     </span>
     <span class='ocr_line' id='line_1_54' title="bbox 313 2674 612 2707; baseline 0.02 -5"><span class='ocrx_word' id='word_1_305' title='bbox 313 2674 356 2703; x_wconf 70' lang='lat' dir='ltr'><em>tis</em></span> <span class='ocrx_word' id='word_1_306' title='bbox 371 2675 486 2707; x_wconf 80' lang='lat' dir='ltr'><em>hastae.</em></span> <span class='ocrx_word' id='word_1_307' title='bbox 510 2676 543 2707; x_wconf 89' lang='lat' dir='ltr'>H</span> <span class='ocrx_word' id='word_1_308' title='bbox 561 2679 612 2707; x_wconf 84' lang='lat'><em>13.</em></span> 
     </span>
    </p>

    <p class='ocr_par' dir='ltr' id='par_1_23' title="bbox 270 2714 970 2801">
     <span class='ocr_line' id='line_1_55' title="bbox 270 2714 970 2760; baseline 0.003 -14"><span class='ocrx_word' id='word_1_309' title='bbox 270 2714 425 2760; x_wconf 68' lang='lat' dir='ltr'><em>Basilica,</em></span> <span class='ocrx_word' id='word_1_310' title='bbox 446 2718 617 2757; x_wconf 83' lang='lat' dir='ltr'><em>publicum</em></span> <span class='ocrx_word' id='word_1_311' title='bbox 632 2719 828 2758; x_wconf 66' lang='lat' dir='ltr'><em>aedificium,</em></span> <span class='ocrx_word' id='word_1_312' title='bbox 842 2718 970 2759; x_wconf 84' lang='lat' dir='ltr'><em>magni-</em></span> 
     </span>
     <span class='ocr_line' id='line_1_56' title="bbox 313 2759 970 2801; baseline 0.006 -14"><span class='ocrx_word' id='word_1_313' title='bbox 313 2759 376 2788; x_wconf 78' lang='lat' dir='ltr'><em>nce</em></span> <span class='ocrx_word' id='word_1_314' title='bbox 393 2765 615 2801; x_wconf 65' lang='lat' dir='ltr'><em>exstructum,</em></span> <span class='ocrx_word' id='word_1_315' title='bbox 631 2763 820 2800; x_wconf 67' lang='lat' dir='ltr'><em>pracsertim</em></span> <span class='ocrx_word' id='word_1_316' title='bbox 846 2762 970 2792; x_wconf 91' lang='lat' dir='ltr'><em>colum-</em></span> 
     </span>
    </p>
   </div>
   <div class='ocr_carea' id='block_1_5' title="bbox 899 198 1058 229">
    <p class='ocr_par' dir='ltr' id='par_1_24' title="bbox 899 198 1058 229">
     <span class='ocr_line' id='line_1_57' title="bbox 899 198 1058 229; baseline -0.006 0"><span class='ocrx_word' id='word_1_317' title='bbox 899 198 1058 229; x_wconf 71' lang='lat' dir='ltr'>INDEX</span> 
     </span>
    </p>
   </div>
   <div class='ocr_carea' id='block_1_6' title="bbox 997 292 1717 1863">
    <p class='ocr_par' dir='ltr' id='par_1_25' title="bbox 1038 292 1696 377">
     <span class='ocr_line' id='line_1_58' title="bbox 1038 292 1695 335; baseline 0.002 -11"><span class='ocrx_word' id='word_1_318' title='bbox 1038 292 1090 324; x_wconf 87' lang='lat' dir='ltr'><em>nis</em></span> <span class='ocrx_word' id='word_1_319' title='bbox 1104 302 1130 324; x_wconf 88' lang='lat' dir='ltr'><em>s.</em></span> <span class='ocrx_word' id='word_1_320' title='bbox 1142 292 1327 334; x_wconf 83' lang='lat' dir='ltr'><em>porticibus</em></span> <span class='ocrx_word' id='word_1_321' title='bbox 1341 297 1554 330; x_wconf 67' lang='lat' dir='ltr'><em>exornatum,</em></span> <span class='ocrx_word' id='word_1_322' title='bbox 1569 293 1602 323; x_wconf 91' lang='lat' dir='ltr'><em>iu</em></span> <span class='ocrx_word' id='word_1_323' title='bbox 1617 302 1695 335; x_wconf 85' lang='lat' dir='ltr'><em>quo,</em></span> 
     </span>
     <span class='ocr_line' id='line_1_59' title="bbox 1039 336 1696 377; baseline 0 -10"><span class='ocrx_word' id='word_1_324' title='bbox 1039 342 1167 376; x_wconf 81' lang='lat' dir='ltr'><em>praeter</em></span> <span class='ocrx_word' id='word_1_325' title='bbox 1196 336 1275 377; x_wconf 84' lang='lat' dir='ltr'><em>alia,</em></span> <span class='ocrx_word' id='word_1_326' title='bbox 1305 336 1437 377; x_wconf 81' lang='lat' dir='ltr'><em>judicia</em></span> <span class='ocrx_word' id='word_1_327' title='bbox 1467 336 1636 367; x_wconf 85' lang='lat' dir='ltr'><em>habentur</em></span> <span class='ocrx_word' id='word_1_328' title='bbox 1665 336 1696 368; x_wconf 84' lang='lat' dir='ltr'><strong>A</strong></span> 
     </span>
    </p>

    <p class='ocr_par' dir='ltr' id='par_1_26' title="bbox 997 420 1699 462">
     <span class='ocr_line' id='line_1_60' title="bbox 997 420 1699 462; baseline 0 -10"><span class='ocrx_word' id='word_1_329' title='bbox 997 421 1107 452; x_wconf 81' lang='lat' dir='ltr'><em>Belle.-</em></span> <span class='ocrx_word' id='word_1_330' title='bbox 1132 421 1235 452; x_wconf 76' lang='lat' dir='ltr'><em>minus</em></span> <span class='ocrx_word' id='word_1_331' title='bbox 1257 421 1333 452; x_wconf 79' lang='lat' dir='ltr'><em>belle</em></span> <span class='ocrx_word' id='word_1_332' title='bbox 1362 421 1464 461; x_wconf 79' lang='lat' dir='ltr'><em>habet,</em></span> <span class='ocrx_word' id='word_1_333' title='bbox 1501 420 1544 452; x_wconf 89' lang='lat' dir='ltr'><em>de</em></span> <span class='ocrx_word' id='word_1_334' title='bbox 1569 425 1699 462; x_wconf 80' lang='lat' dir='ltr'><em>aegroto</em></span> 
     </span>
    </p>

    <p class='ocr_par' dir='ltr' id='par_1_27' title="bbox 998 505 1701 587">
     <span class='ocr_line' id='line_1_61' title="bbox 998 505 1701 546; baseline 0 -10"><span class='ocrx_word' id='word_1_335' title='bbox 998 507 1121 536; x_wconf 79' lang='lat' dir='ltr'><em>Bellum</em></span> <span class='ocrx_word' id='word_1_336' title='bbox 1149 515 1242 543; x_wconf 79' lang='lat' dir='ltr'><em>ogere</em></span> <span class='ocrx_word' id='word_1_337' title='bbox 1258 505 1289 536; x_wconf 82' lang='lat' dir='ltr'>G</span> <span class='ocrx_word' id='word_1_338' title='bbox 1307 505 1354 546; x_wconf 86' lang='lat' dir='ltr'><em>iii,</em></span> <span class='ocrx_word' id='word_1_339' title='bbox 1377 509 1430 538; x_wconf 86' lang='grc'><em>28.</em></span> <span class='ocrx_word' id='word_1_340' title='bbox 1475 507 1585 537; x_wconf 79' lang='lat' dir='ltr'><em>bellum</em></span> <span class='ocrx_word' id='word_1_341' title='bbox 1593 505 1701 544; x_wconf 80' lang='lat' dir='ltr'><em>fucere</em></span> 
     </span>
     <span class='ocr_line' id='line_1_62' title="bbox 1042 548 1329 587; baseline 0.003 -9"><span class='ocrx_word' id='word_1_342' title='bbox 1042 548 1072 578; x_wconf 87' lang='lat' dir='ltr'>G</span> <span class='ocrx_word' id='word_1_343' title='bbox 1089 549 1134 587; x_wconf 84' lang='lat' dir='ltr'><em>iii,</em></span> <span class='ocrx_word' id='word_1_344' title='bbox 1150 552 1202 578; x_wconf 76' lang='grc'><em>29.</em></span> <span class='ocrx_word' id='word_1_345' title='bbox 1227 549 1284 586; x_wconf 86' lang='lat' dir='ltr'><em>vii,</em></span> <span class='ocrx_word' id='word_1_346' title='bbox 1298 551 1329 579; x_wconf 86' lang='grc'><em>2.</em></span> 
     </span>
    </p>

    <p class='ocr_par' dir='ltr' id='par_1_28' title="bbox 1001 589 1702 664">
     <span class='ocr_line' id='line_1_63' title="bbox 1001 589 1702 631; baseline 0.001 -11"><span class='ocrx_word' id='word_1_347' title='bbox 1001 590 1087 621; x_wconf 78' lang='lat' dir='ltr'><em>Bene</em></span> <span class='ocrx_word' id='word_1_348' title='bbox 1102 601 1232 628; x_wconf 57' lang='lat' dir='ltr'><em>mumius</em></span> <span class='ocrx_word' id='word_1_349' title='bbox 1251 591 1281 621; x_wconf 84' lang='lat' dir='ltr'><strong>H</strong></span> <span class='ocrx_word' id='word_1_350' title='bbox 1302 591 1323 631; x_wconf 89' lang='lat' dir='ltr'><em>i,</em></span> <span class='ocrx_word' id='word_1_351' title='bbox 1339 594 1369 622; x_wconf 70' lang='lat'><em>4.</em></span> <span class='ocrx_word' id='word_1_352' title='bbox 1409 595 1443 622; x_wconf 88' lang='lat' dir='ltr'><em>et</em></span> <span class='ocrx_word' id='word_1_353' title='bbox 1465 591 1650 631; x_wconf 78' lang='lat' dir='ltr'><em>saepissinic</em></span> <span class='ocrx_word' id='word_1_354' title='bbox 1667 589 1702 621; x_wconf 86' lang='lat' dir='ltr'><em>iu</em></span> 
     </span>
     <span class='ocr_line' id='line_1_64' title="bbox 1043 634 1219 664; baseline 0.006 -1"><span class='ocrx_word' id='word_1_355' title='bbox 1043 635 1104 663; x_wconf 87' lang='lat' dir='ltr'><em>hoc</em></span> <span class='ocrx_word' id='word_1_356' title='bbox 1122 634 1219 664; x_wconf 80' lang='lat' dir='ltr'><em>libro.</em></span> 
     </span>
    </p>

    <p class='ocr_par' dir='ltr' id='par_1_29' title="bbox 1001 674 1711 1184">
     <span class='ocr_line' id='line_1_65' title="bbox 1001 674 1704 717; baseline -0.001 -11"><span class='ocrx_word' id='word_1_357' title='bbox 1001 675 1204 717; x_wconf 72' lang='lat' dir='ltr'><em>Bemficiurii</em></span> <span class='ocrx_word' id='word_1_358' title='bbox 1228 676 1354 714; x_wconf 76' lang='lat' dir='ltr'><em>milites,</em></span> <span class='ocrx_word' id='word_1_359' title='bbox 1381 675 1436 716; x_wconf 86' lang='lat' dir='ltr'><em>qui</em></span> <span class='ocrx_word' id='word_1_360' title='bbox 1462 674 1628 706; x_wconf 77' lang='lat' dir='ltr'><em>beneficio</em></span> <span class='ocrx_word' id='word_1_361' title='bbox 1644 675 1704 705; x_wconf 89' lang='lat' dir='ltr'><em>du-</em></span> 
     </span>
     <span class='ocr_line' id='line_1_66' title="bbox 1045 718 1704 749; baseline 0 -1"><span class='ocrx_word' id='word_1_362' title='bbox 1045 720 1095 748; x_wconf 82' lang='lat' dir='ltr'><em>cis</em></span> <span class='ocrx_word' id='word_1_363' title='bbox 1123 719 1335 749; x_wconf 71' lang='lat' dir='ltr'><em>vacationem</em></span> <span class='ocrx_word' id='word_1_364' title='bbox 1366 728 1385 749; x_wconf 85' lang='lat' dir='ltr'><em>a</em></span> <span class='ocrx_word' id='word_1_365' title='bbox 1409 718 1544 749; x_wconf 74' lang='lat' dir='ltr'><em>duriore</em></span> <span class='ocrx_word' id='word_1_366' title='bbox 1575 718 1704 748; x_wconf 67' lang='lat' dir='ltr'><em>militiae</em></span> 
     </span>
     <span class='ocr_line' id='line_1_67' title="bbox 1046 760 1706 798; baseline 0.002 -9"><span class='ocrx_word' id='word_1_367' title='bbox 1046 760 1161 790; x_wconf 74' lang='lat' dir='ltr'><em>labore</em></span> <span class='ocrx_word' id='word_1_368' title='bbox 1178 760 1304 791; x_wconf 83' lang='lat' dir='ltr'><em>habent</em></span> <span class='ocrx_word' id='word_1_369' title='bbox 1321 762 1348 791; x_wconf 79' lang='lat' dir='ltr'>C</span> <span class='ocrx_word' id='word_1_370' title='bbox 1367 762 1389 797; x_wconf 94' lang='lat' dir='ltr'><em>i,</em></span> <span class='ocrx_word' id='word_1_371' title='bbox 1406 764 1460 792; x_wconf 85' lang='grc'><em>75.</em></span> <span class='ocrx_word' id='word_1_372' title='bbox 1484 761 1533 798; x_wconf 90' lang='lat' dir='ltr'><em>iii,</em></span> <span class='ocrx_word' id='word_1_373' title='bbox 1549 764 1602 791; x_wconf 67' lang='lat'><em>58.</em></span> <span class='ocrx_word' id='word_1_374' title='bbox 1643 761 1706 791; x_wconf 79' lang='lat' dir='ltr'><em>Est</em></span> 
     </span>
     <span class='ocr_line' id='line_1_68' title="bbox 1048 803 1707 842; baseline 0 -10"><span class='ocrx_word' id='word_1_375' title='bbox 1048 811 1129 841; x_wconf 76' lang='lat' dir='ltr'><em>crgo</em></span> <span class='ocrx_word' id='word_1_376' title='bbox 1141 811 1244 842; x_wconf 81' lang='lat' dir='ltr'><em>genus</em></span> <span class='ocrx_word' id='word_1_377' title='bbox 1257 803 1459 834; x_wconf 71' lang='lat' dir='ltr'><em>honestioris</em></span> <span class='ocrx_word' id='word_1_378' title='bbox 1473 803 1616 834; x_wconf 62' lang='lat' dir='ltr'><em>militiae.</em></span> <span class='ocrx_word' id='word_1_379' title='bbox 1641 804 1707 832; x_wconf 69' lang='lat' dir='ltr'><em>Vc-</em></span> 
     </span>
     <span class='ocr_line' id='line_1_69' title="bbox 1049 844 1707 885; baseline -0.002 -10"><span class='ocrx_word' id='word_1_380' title='bbox 1049 844 1159 885; x_wconf 77' lang='lat' dir='ltr'><em>getius</em></span> <span class='ocrx_word' id='word_1_381' title='bbox 1195 844 1236 874; x_wconf 84' lang='lat' dir='ltr'><em>de</em></span> <span class='ocrx_word' id='word_1_382' title='bbox 1269 854 1305 875; x_wconf 81' lang='lat' dir='ltr'><em>re</em></span> <span class='ocrx_word' id='word_1_383' title='bbox 1333 855 1376 876; x_wconf 90' lang='lat' dir='ltr'><em>m.</em></span> <span class='ocrx_word' id='word_1_384' title='bbox 1412 845 1448 883; x_wconf 88' lang='lat' dir='ltr'><em>ii,</em></span> <span class='ocrx_word' id='word_1_385' title='bbox 1478 848 1507 874; x_wconf 85' lang='lat'><em>7.</em></span> <span class='ocrx_word' id='word_1_386' title='bbox 1543 854 1620 875; x_wconf 81' lang='lat' dir='ltr'><em>cuni</em></span> <span class='ocrx_word' id='word_1_387' title='bbox 1651 855 1707 876; x_wconf 86' lang='lat' dir='ltr'><em>eos</em></span> 
     </span>
     <span class='ocr_line' id='line_1_70' title="bbox 1049 886 1708 928; baseline 0.003 -11"><span class='ocrx_word' id='word_1_388' title='bbox 1049 887 1188 917; x_wconf 75' lang='lat' dir='ltr'><em>dixisset</em></span> <span class='ocrx_word' id='word_1_389' title='bbox 1214 886 1292 917; x_wconf 78' lang='lat' dir='ltr'><em>inde.</em></span> <span class='ocrx_word' id='word_1_390' title='bbox 1319 887 1522 928; x_wconf 71' lang='lat' dir='ltr'><em>appellatOS,</em></span> <span class='ocrx_word' id='word_1_391' title='bbox 1548 887 1636 928; x_wconf 88' lang='lat' dir='ltr'><em>quod</em></span> <span class='ocrx_word' id='word_1_392' title='bbox 1652 887 1708 919; x_wconf 84' lang='lat' dir='ltr'><em>be-</em></span> 
     </span>
     <span class='ocr_line' id='line_1_71' title="bbox 1048 929 1709 970; baseline 0 -10"><span class='ocrx_word' id='word_1_393' title='bbox 1048 929 1170 960; x_wconf 82' lang='lat' dir='ltr'><em>neficio</em></span> <span class='ocrx_word' id='word_1_394' title='bbox 1183 930 1394 961; x_wconf 81' lang='lat' dir='ltr'><em>tribunorum</em></span> <span class='ocrx_word' id='word_1_395' title='bbox 1426 934 1709 970; x_wconf 78' lang='lat' dir='ltr'><em>promoverentur</em></span> 
     </span>
     <span class='ocr_line' id='line_1_72' title="bbox 1049 971 1709 1013; baseline 0.002 -11"><span class='ocrx_word' id='word_1_396' title='bbox 1049 972 1109 1013; x_wconf 87' lang='lat' dir='ltr'><em>(ad</em></span> <span class='ocrx_word' id='word_1_397' title='bbox 1140 973 1295 1003; x_wconf 72' lang='lat' dir='ltr'><em>altiorem</em></span> <span class='ocrx_word' id='word_1_398' title='bbox 1335 973 1471 1009; x_wconf 75' lang='lat' dir='ltr'><em>locuni),</em></span> <span class='ocrx_word' id='word_1_399' title='bbox 1508 971 1615 1003; x_wconf 80' lang='lat' dir='ltr'><em>refert</em></span> <span class='ocrx_word' id='word_1_400' title='bbox 1651 973 1709 1004; x_wconf 82' lang='lat' dir='ltr'><em>&#39;eos</em></span> 
     </span>
     <span class='ocr_line' id='line_1_73' title="bbox 1051 1015 1710 1057; baseline -0.002 -11"><span class='ocrx_word' id='word_1_401' title='bbox 1051 1016 1142 1046; x_wconf 72' lang='lat' dir='ltr'><em>inter</em></span> <span class='ocrx_word' id='word_1_402' title='bbox 1159 1015 1294 1054; x_wconf 75' lang='lat' dir='ltr'><em>milites,</em></span> <span class='ocrx_word' id='word_1_403' title='bbox 1309 1016 1365 1056; x_wconf 86' lang='lat' dir='ltr'><em>qui</em></span> <span class='ocrx_word' id='word_1_404' title='bbox 1384 1016 1570 1057; x_wconf 77' lang='lat' dir='ltr'><em>privilegiis</em></span> <span class='ocrx_word' id='word_1_405' title='bbox 1587 1015 1710 1046; x_wconf 88' lang='lat' dir='ltr'><em>muniri</em></span> 
     </span>
     <span class='ocr_line' id='line_1_74' title="bbox 1052 1058 1709 1098; baseline 0 -10"><span class='ocrx_word' id='word_1_406' title='bbox 1052 1059 1174 1089; x_wconf 82' lang='lat' dir='ltr'><em>solent.</em></span> <span class='ocrx_word' id='word_1_407' title='bbox 1203 1058 1258 1089; x_wconf 80' lang='lat' dir='ltr'><em>Cf.</em></span> <span class='ocrx_word' id='word_1_408' title='bbox 1290 1059 1382 1098; x_wconf 76' lang='lat' dir='ltr'><em>Lips.</em></span> <span class='ocrx_word' id='word_1_409' title='bbox 1415 1060 1457 1089; x_wconf 80' lang='lat' dir='ltr'><em>dc</em></span> <span class='ocrx_word' id='word_1_410' title='bbox 1481 1058 1579 1088; x_wconf 84' lang='lat' dir='ltr'><em>milit.</em></span> <span class='ocrx_word' id='word_1_411' title='bbox 1610 1059 1709 1090; x_wconf 86' lang='lat' dir='ltr'><em>Rom.</em></span> 
     </span>
     <span class='ocr_line' id='line_1_75' title="bbox 1051 1101 1711 1138; baseline 0 -8"><span class='ocrx_word' id='word_1_412' title='bbox 1051 1111 1083 1138; x_wconf 93' lang='lat' dir='ltr'><em>v,</em></span> <span class='ocrx_word' id='word_1_413' title='bbox 1100 1104 1130 1131; x_wconf 79' lang='lat'><em>6.</em></span> <span class='ocrx_word' id='word_1_414' title='bbox 1155 1101 1346 1132; x_wconf 81' lang='lat' dir='ltr'><em>Guischard</em></span> <span class='ocrx_word' id='word_1_415' title='bbox 1364 1101 1549 1132; x_wconf 58' lang='lat' dir='ltr'><em>ius-moires</em></span> <span class='ocrx_word' id='word_1_416' title='bbox 1565 1101 1642 1132; x_wconf 84' lang='lat' dir='ltr'><em>crit.</em></span> <span class='ocrx_word' id='word_1_417' title='bbox 1675 1106 1711 1131; x_wconf 86' lang='lat' dir='ltr'><em>ct</em></span> 
     </span>
     <span class='ocr_line' id='line_1_76' title="bbox 1050 1144 1414 1184; baseline 0.003 -11"><span class='ocrx_word' id='word_1_418' title='bbox 1050 1144 1168 1174; x_wconf 83' lang='lat' dir='ltr'><em>histor.</em></span> <span class='ocrx_word' id='word_1_419' title='bbox 1185 1144 1222 1174; x_wconf 81' lang='lat' dir='ltr'><em>T.</em></span> <span class='ocrx_word' id='word_1_420' title='bbox 1238 1144 1270 1174; x_wconf 87' lang='lat' dir='ltr'><em>ii.</em></span> <span class='ocrx_word' id='word_1_421' title='bbox 1290 1154 1322 1184; x_wconf 91' lang='lat' dir='ltr'><em>p.</em></span> <span class='ocrx_word' id='word_1_422' title='bbox 1344 1148 1414 1174; x_wconf 78' lang='grc'><strong>190.</strong></span> 
     </span>
    </p>

    <p class='ocr_par' dir='ltr' id='par_1_30' title="bbox 1008 1185 1710 1217">
     <span class='ocr_line' id='line_1_77' title="bbox 1008 1185 1710 1217; baseline 0 -1"><span class='ocrx_word' id='word_1_423' title='bbox 1008 1186 1146 1216; x_wconf 71' lang='lat' dir='ltr'><em>Berones</em></span> <span class='ocrx_word' id='word_1_424' title='bbox 1165 1185 1193 1216; x_wconf 75' lang='lat' dir='ltr'>A</span> <span class='ocrx_word' id='word_1_425' title='bbox 1210 1190 1262 1217; x_wconf 86' lang='grc'><em>53.</em></span> <span class='ocrx_word' id='word_1_426' title='bbox 1307 1187 1375 1216; x_wconf 72' lang='lat' dir='ltr'><em>Sed</em></span> <span class='ocrx_word' id='word_1_427' title='bbox 1393 1186 1497 1217; x_wconf 59' lang='lat' dir='ltr'><em>lectio</em></span> <span class='ocrx_word' id='word_1_428' title='bbox 1514 1185 1618 1217; x_wconf 82' lang='lat' dir='ltr'><em>dubia</em></span> <span class='ocrx_word' id='word_1_429' title='bbox 1645 1190 1710 1216; x_wconf 83' lang='lat' dir='ltr'><em>cst.</em></span> 
     </span>
    </p>

    <p class='ocr_par' dir='ltr' id='par_1_31' title="bbox 1013 1228 1453 1268">
     <span class='ocr_line' id='line_1_78' title="bbox 1013 1228 1453 1268; baseline 0.002 -10"><span class='ocrx_word' id='word_1_430' title='bbox 1013 1228 1173 1268; x_wconf 78' lang='lat' dir='ltr'><em>Bipcdulis</em></span> <span class='ocrx_word' id='word_1_431' title='bbox 1187 1229 1272 1258; x_wconf 79' lang='lat' dir='ltr'><em>trabs</em></span> <span class='ocrx_word' id='word_1_432' title='bbox 1288 1229 1317 1259; x_wconf 92' lang='lat' dir='ltr'>G</span> <span class='ocrx_word' id='word_1_433' title='bbox 1339 1228 1384 1268; x_wconf 81' lang='lat' dir='ltr'><em>iv,</em></span> <span class='ocrx_word' id='word_1_434' title='bbox 1403 1232 1453 1259; x_wconf 84' lang='lat'><em>17.</em></span> 
     </span>
    </p>

    <p class='ocr_par' dir='ltr' id='par_1_32' title="bbox 1008 1271 1455 1311">
     <span class='ocr_line' id='line_1_79' title="bbox 1008 1271 1455 1311; baseline 0.002 -10"><span class='ocrx_word' id='word_1_435' title='bbox 1008 1271 1142 1301; x_wconf 78' lang='lat' dir='ltr'><em>Bonitus</em></span> <span class='ocrx_word' id='word_1_436' title='bbox 1156 1280 1301 1309; x_wconf 80' lang='lat' dir='ltr'><em>agrorum</em></span> <span class='ocrx_word' id='word_1_437' title='bbox 1318 1272 1348 1302; x_wconf 93' lang='lat' dir='ltr'>G</span> <span class='ocrx_word' id='word_1_438' title='bbox 1367 1271 1389 1311; x_wconf 87' lang='lat' dir='ltr'><em>i,</em></span> <span class='ocrx_word' id='word_1_439' title='bbox 1402 1274 1455 1302; x_wconf 82' lang='lat'><em>28.</em></span> 
     </span>
    </p>

    <p class='ocr_par' dir='ltr' id='par_1_33' title="bbox 1009 1313 1345 1351">
     <span class='ocr_line' id='line_1_80' title="bbox 1009 1313 1345 1351; baseline 0 -7"><span class='ocrx_word' id='word_1_440' title='bbox 1009 1314 1149 1351; x_wconf 75' lang='lat' dir='ltr'><em>Bonum,</em></span> <span class='ocrx_word' id='word_1_441' title='bbox 1167 1314 1226 1343; x_wconf 85' lang='lat' dir='ltr'><em>dos</em></span> <span class='ocrx_word' id='word_1_442' title='bbox 1244 1313 1274 1344; x_wconf 82' lang='lat' dir='ltr'>A</span> <span class='ocrx_word' id='word_1_443' title='bbox 1294 1317 1345 1344; x_wconf 77' lang='lat'><em>12.</em></span> 
     </span>
    </p>

    <p class='ocr_par' dir='ltr' id='par_1_34' title="bbox 1009 1355 1716 1734">
     <span class='ocr_line' id='line_1_81' title="bbox 1009 1355 1712 1396; baseline 0.001 -11"><span class='ocrx_word' id='word_1_444' title='bbox 1009 1356 1184 1386; x_wconf 80' lang='lat' dir='ltr'><em>Brachium</em></span> <span class='ocrx_word' id='word_1_445' title='bbox 1209 1361 1259 1386; x_wconf 76' lang='lat' dir='ltr'><em>est</em></span> <span class='ocrx_word' id='word_1_446' title='bbox 1278 1366 1384 1396; x_wconf 80' lang='lat' dir='ltr'><em>gcuns</em></span> <span class='ocrx_word' id='word_1_447' title='bbox 1401 1355 1612 1394; x_wconf 76' lang='lat' dir='ltr'><em>munitionis,</em></span> <span class='ocrx_word' id='word_1_448' title='bbox 1628 1365 1661 1386; x_wconf 87' lang='lat' dir='ltr'><em>v.</em></span> <span class='ocrx_word' id='word_1_449' title='bbox 1679 1363 1712 1386; x_wconf 85' lang='lat' dir='ltr'><em>c.</em></span> 
     </span>
     <span class='ocr_line' id='line_1_82' title="bbox 1052 1397 1712 1439; baseline -0.002 -11"><span class='ocrx_word' id='word_1_450' title='bbox 1052 1400 1199 1438; x_wconf 68' lang='lat' dir='ltr'><em>aggeriS‚</em></span> <span class='ocrx_word' id='word_1_451' title='bbox 1211 1397 1323 1438; x_wconf 71' lang='lat' dir='ltr'><em>fosszr,</em></span> <span class='ocrx_word' id='word_1_452' title='bbox 1332 1403 1370 1429; x_wconf 89' lang='lat' dir='ltr'><em>nt</em></span> <span class='ocrx_word' id='word_1_453' title='bbox 1384 1398 1563 1439; x_wconf 86' lang='lat' dir='ltr'><em>plurimum</em></span> <span class='ocrx_word' id='word_1_454' title='bbox 1573 1398 1712 1439; x_wconf 69' lang='lat' dir='ltr'><em>reliqum</em></span> 
     </span>
     <span class='ocr_line' id='line_1_83' title="bbox 1053 1440 1714 1481; baseline -0.002 -10"><span class='ocrx_word' id='word_1_455' title='bbox 1053 1442 1231 1472; x_wconf 89' lang='lat' dir='ltr'><em>munitioni</em></span> <span class='ocrx_word' id='word_1_456' title='bbox 1270 1440 1541 1481; x_wconf 80' lang='lat' dir='ltr'><em>superadditum,</em></span> <span class='ocrx_word' id='word_1_457' title='bbox 1566 1440 1614 1471; x_wconf 86' lang='lat' dir='ltr'><em>ita</em></span> <span class='ocrx_word' id='word_1_458' title='bbox 1635 1450 1714 1471; x_wconf 89' lang='lat' dir='ltr'><em>con-</em></span> 
     </span>
     <span class='ocr_line' id='line_1_84' title="bbox 1048 1483 1715 1524; baseline 0 -11"><span class='ocrx_word' id='word_1_459' title='bbox 1048 1483 1199 1524; x_wconf 82' lang='lat' dir='ltr'><em>jungens</em></span> <span class='ocrx_word' id='word_1_460' title='bbox 1214 1483 1298 1513; x_wconf 76' lang='lat' dir='ltr'><em>duos</em></span> <span class='ocrx_word' id='word_1_461' title='bbox 1314 1485 1417 1521; x_wconf 69' lang='lat' dir='ltr'><em>locos,</em></span> <span class='ocrx_word' id='word_1_462' title='bbox 1442 1489 1477 1513; x_wconf 79' lang='lat' dir='ltr'><em>ut</em></span> <span class='ocrx_word' id='word_1_463' title='bbox 1494 1484 1536 1513; x_wconf 81' lang='lat' dir='ltr'><em>ab</em></span> <span class='ocrx_word' id='word_1_464' title='bbox 1555 1493 1623 1513; x_wconf 90' lang='lat' dir='ltr'><em>uno</em></span> <span class='ocrx_word' id='word_1_465' title='bbox 1640 1492 1715 1523; x_wconf 86' lang='lat' dir='ltr'><em>pro-</em></span> 
     </span>
     <span class='ocr_line' id='line_1_85' title="bbox 1055 1525 1710 1556; baseline 0 -1"><span class='ocrx_word' id='word_1_466' title='bbox 1055 1531 1172 1556; x_wconf 83' lang='lat' dir='ltr'><em>currat</em></span> <span class='ocrx_word' id='word_1_467' title='bbox 1197 1526 1414 1556; x_wconf 76' lang='lat' dir='ltr'><em>transversim</em></span> <span class='ocrx_word' id='word_1_468' title='bbox 1439 1525 1481 1555; x_wconf 86' lang='lat' dir='ltr'><em>ad</em></span> <span class='ocrx_word' id='word_1_469' title='bbox 1508 1526 1654 1556; x_wconf 78' lang='lat' dir='ltr'><em>altorum</em></span> <span class='ocrx_word' id='word_1_470' title='bbox 1681 1525 1710 1555; x_wconf 84' lang='grc' dir='ltr'>Α</span> 
     </span>
     <span class='ocr_line' id='line_1_86' title="bbox 1053 1567 1715 1609; baseline 0 -11"><span class='ocrx_word' id='word_1_471' title='bbox 1053 1571 1106 1598; x_wconf 86' lang='grc'><em>30.</em></span> <span class='ocrx_word' id='word_1_472' title='bbox 1120 1567 1177 1598; x_wconf 73' lang='lat' dir='ltr'><em>Af.</em></span> <span class='ocrx_word' id='word_1_473' title='bbox 1189 1571 1240 1598; x_wconf 69' lang='grc'><em>38.</em></span> <span class='ocrx_word' id='word_1_474' title='bbox 1252 1569 1324 1609; x_wconf 75' lang='lat' dir='ltr'><em>(qui</em></span> <span class='ocrx_word' id='word_1_475' title='bbox 1343 1569 1436 1599; x_wconf 84' lang='lat' dir='ltr'><em>locus</em></span> <span class='ocrx_word' id='word_1_476' title='bbox 1454 1569 1589 1599; x_wconf 88' lang='lat' dir='ltr'><em>omnino</em></span> <span class='ocrx_word' id='word_1_477' title='bbox 1602 1567 1715 1598; x_wconf 78' lang='lat' dir='ltr'><em>viden-</em></span> 
     </span>
     <span class='ocr_line' id='line_1_87' title="bbox 1056 1610 1715 1650; baseline 0.002 -11"><span class='ocrx_word' id='word_1_478' title='bbox 1056 1610 1148 1650; x_wconf 81' lang='lat' dir='ltr'><em>dus‚)</em></span> <span class='ocrx_word' id='word_1_479' title='bbox 1175 1614 1228 1647; x_wconf 66' lang='lat'><em>49,</em></span> <span class='ocrx_word' id='word_1_480' title='bbox 1246 1615 1299 1641; x_wconf 83' lang='lat'><em>51.</em></span> <span class='ocrx_word' id='word_1_481' title='bbox 1324 1611 1355 1641; x_wconf 83' lang='lat' dir='ltr'><em>ll</em></span> <span class='ocrx_word' id='word_1_482' title='bbox 1373 1615 1404 1649; x_wconf 83' lang='lat'><em>⁵,</em></span> <span class='ocrx_word' id='word_1_483' title='bbox 1421 1613 1453 1648; x_wconf 79' lang='lat'><em>(3,</em></span> <span class='ocrx_word' id='word_1_484' title='bbox 1479 1613 1529 1641; x_wconf 82' lang='lat'><em>13.</em></span> <span class='ocrx_word' id='word_1_485' title='bbox 1576 1610 1715 1641; x_wconf 84' lang='lat' dir='ltr'><em>Dicitur</em></span> 
     </span>
     <span class='ocr_line' id='line_1_88' title="bbox 1054 1652 1714 1692; baseline 0.002 -10"><span class='ocrx_word' id='word_1_486' title='bbox 1054 1652 1224 1683; x_wconf 80' lang='lat' dir='ltr'><em>brachium</em></span> <span class='ocrx_word' id='word_1_487' title='bbox 1241 1653 1323 1683; x_wconf 69' lang='lat' dir='ltr'><em>duci.</em></span> <span class='ocrx_word' id='word_1_488' title='bbox 1353 1653 1390 1684; x_wconf 80' lang='lat' dir='ltr'><em>V.</em></span> <span class='ocrx_word' id='word_1_489' title='bbox 1418 1653 1548 1692; x_wconf 76' lang='lat' dir='ltr'><em>Lipsius</em></span> <span class='ocrx_word' id='word_1_490' title='bbox 1565 1652 1714 1683; x_wconf 81' lang='lat' dir='ltr'><em>l‘oliorc.</em></span> 
     </span>
     <span class='ocr_line' id='line_1_89' title="bbox 1054 1694 1716 1734; baseline 0.003 -10"><span class='ocrx_word' id='word_1_491' title='bbox 1054 1694 1087 1734; x_wconf 84' lang='lat' dir='ltr'><em>ii,</em></span> <span class='ocrx_word' id='word_1_492' title='bbox 1103 1698 1133 1725; x_wconf 90' lang='grc'><em>2.</em></span> <span class='ocrx_word' id='word_1_493' title='bbox 1147 1695 1410 1725; x_wconf 78' lang='lat' dir='ltr'><em>Drakenborch.</em></span> <span class='ocrx_word' id='word_1_494' title='bbox 1421 1695 1462 1725; x_wconf 80' lang='lat' dir='ltr'><em>ad</em></span> <span class='ocrx_word' id='word_1_495' title='bbox 1477 1695 1550 1725; x_wconf 84' lang='lat' dir='ltr'><em>Liv.</em></span> <span class='ocrx_word' id='word_1_496' title='bbox 1568 1695 1650 1734; x_wconf 82' lang='lat' dir='ltr'><em>xxii,</em></span> <span class='ocrx_word' id='word_1_497' title='bbox 1664 1698 1716 1726; x_wconf 77' lang='lat'><em>52.</em></span> 
     </span>
    </p>

    <p class='ocr_par' dir='ltr' id='par_1_35' title="bbox 1011 1737 1717 1863">
     <span class='ocr_line' id='line_1_90' title="bbox 1011 1737 1717 1778; baseline -0.001 -10"><span class='ocrx_word' id='word_1_498' title='bbox 1011 1737 1174 1775; x_wconf 70' lang='lat' dir='ltr'><em>Brevitas,</em></span> <span class='ocrx_word' id='word_1_499' title='bbox 1191 1747 1294 1777; x_wconf 81' lang='lat' dir='ltr'><em>parva</em></span> <span class='ocrx_word' id='word_1_500' title='bbox 1309 1737 1462 1778; x_wconf 73' lang='lat' dir='ltr'><em>corporis</em></span> <span class='ocrx_word' id='word_1_501' title='bbox 1484 1744 1616 1768; x_wconf 88' lang='lat' dir='ltr'><em>statura</em></span> <span class='ocrx_word' id='word_1_502' title='bbox 1632 1738 1663 1769; x_wconf 88' lang='lat' dir='ltr'>G</span> <span class='ocrx_word' id='word_1_503' title='bbox 1681 1737 1717 1777; x_wconf 70' lang='lat' dir='ltr'><em>ii,</em></span> 
     </span>
     <span class='ocr_line' id='line_1_91' title="bbox 1055 1780 1716 1821; baseline 0.002 -12"><span class='ocrx_word' id='word_1_504' title='bbox 1055 1782 1106 1809; x_wconf 87' lang='lat'><em>30.</em></span> <span class='ocrx_word' id='word_1_505' title='bbox 1152 1781 1203 1810; x_wconf 82' lang='lat' dir='ltr'><em>Ex</em></span> <span class='ocrx_word' id='word_1_506' title='bbox 1233 1780 1304 1810; x_wconf 61' lang='lat' dir='ltr'><em>hoc,</em></span> <span class='ocrx_word' id='word_1_507' title='bbox 1327 1781 1402 1811; x_wconf 89' lang='lat' dir='ltr'><em>loco</em></span> <span class='ocrx_word' id='word_1_508' title='bbox 1418 1781 1556 1811; x_wconf 78' lang='lat' dir='ltr'><em>verbum</em></span> <span class='ocrx_word' id='word_1_509' title='bbox 1576 1780 1716 1821; x_wconf 80' lang='lat' dir='ltr'><em>repetiit</em></span> 
     </span>
     <span class='ocr_line' id='line_1_92' title="bbox 1055 1822 1476 1863; baseline 0.002 -11"><span class='ocrx_word' id='word_1_510' title='bbox 1055 1822 1222 1863; x_wconf 63' lang='lat' dir='ltr'><em>chctius</em></span> <span class='ocrx_word' id='word_1_511' title='bbox 1245 1823 1287 1853; x_wconf 85' lang='lat' dir='ltr'><em>dc</em></span> <span class='ocrx_word' id='word_1_512' title='bbox 1305 1832 1330 1854; x_wconf 89' lang='lat' dir='ltr'><em>r.</em></span> <span class='ocrx_word' id='word_1_513' title='bbox 1343 1833 1386 1853; x_wconf 92' lang='lat' dir='ltr'><em>m.</em></span> <span class='ocrx_word' id='word_1_514' title='bbox 1404 1823 1427 1863; x_wconf 91' lang='lat' dir='ltr'><em>i,</em></span> <span class='ocrx_word' id='word_1_515' title='bbox 1446 1826 1476 1853; x_wconf 89' lang='grc'><em>1.</em></span> 
     </span>
    </p>
   </div>
   <div class='ocr_carea' id='block_1_7' title="bbox 1355 1952 1381 1982">
    <p class='ocr_par' dir='ltr' id='par_1_36' title="bbox 1355 1952 1381 1982">
     <span class='ocr_line' id='line_1_93' title="bbox 1355 1952 1381 1982; baseline 0 0"><span class='ocrx_word' id='word_1_516' title='bbox 1355 1952 1381 1982; x_wconf 95' lang='lat' dir='ltr'>C</span> 
     </span>
    </p>
   </div>
   <div class='ocr_carea' id='block_1_8' title="bbox 1017 2034 1720 2800">
    <p class='ocr_par' dir='ltr' id='par_1_37' title="bbox 1017 2034 1522 2074">
     <span class='ocr_line' id='line_1_94' title="bbox 1017 2034 1522 2074; baseline -0.002 -9"><span class='ocrx_word' id='word_1_517' title='bbox 1017 2034 1125 2074; x_wconf 71' lang='lat' dir='ltr'><em>fudit,</em></span> <span class='ocrx_word' id='word_1_518' title='bbox 1141 2035 1403 2074; x_wconf 72' lang='lat' dir='ltr'><em>accidit,‹·venit</em></span> <span class='ocrx_word' id='word_1_519' title='bbox 1423 2034 1451 2065; x_wconf 79' lang='lat' dir='ltr'>A</span> <span class='ocrx_word' id='word_1_520' title='bbox 1472 2038 1522 2066; x_wconf 94' lang='grc'><em>11.</em></span> 
     </span>
    </p>

    <p class='ocr_par' dir='ltr' id='par_1_38' title="bbox 1017 2077 1720 2366">
     <span class='ocr_line' id='line_1_95' title="bbox 1017 2077 1718 2117; baseline 0.001 -9"><span class='ocrx_word' id='word_1_521' title='bbox 1017 2079 1137 2108; x_wconf 66' lang='lat' dir='ltr'><em>(savum</em></span> <span class='ocrx_word' id='word_1_522' title='bbox 1154 2079 1279 2116; x_wconf 79' lang='lat' dir='ltr'><em>rollum,</em></span> <span class='ocrx_word' id='word_1_523' title='bbox 1299 2080 1398 2108; x_wconf 72' lang='lat' dir='ltr'><em>sudes</em></span> <span class='ocrx_word' id='word_1_524' title='bbox 1416 2085 1450 2108; x_wconf 75' lang='lat' dir='ltr'><em>ct</em></span> <span class='ocrx_word' id='word_1_525' title='bbox 1467 2077 1615 2117; x_wconf 70' lang='lat' dir='ltr'><em>stipites,</em></span> <span class='ocrx_word' id='word_1_526' title='bbox 1639 2082 1718 2109; x_wconf 85' lang='lat' dir='ltr'><em>ante</em></span> 
     </span>
     <span class='ocr_line' id='line_1_96' title="bbox 1059 2119 1719 2161; baseline 0 -11"><span class='ocrx_word' id='word_1_527' title='bbox 1059 2119 1184 2151; x_wconf 68' lang='lat' dir='ltr'><em>fossam</em></span> <span class='ocrx_word' id='word_1_528' title='bbox 1211 2121 1326 2159; x_wconf 60' lang='lat' dir='ltr'><em>derisi,</em></span> <span class='ocrx_word' id='word_1_529' title='bbox 1352 2121 1520 2161; x_wconf 77' lang='lat' dir='ltr'><em>iidemque</em></span> <span class='ocrx_word' id='word_1_530' title='bbox 1539 2125 1631 2150; x_wconf 83' lang='lat' dir='ltr'><em>terra</em></span> <span class='ocrx_word' id='word_1_531' title='bbox 1663 2120 1719 2151; x_wconf 88' lang='lat' dir='ltr'><em>ob-</em></span> 
     </span>
     <span class='ocr_line' id='line_1_97' title="bbox 1059 2161 1718 2204; baseline -0.002 -10"><span class='ocrx_word' id='word_1_532' title='bbox 1059 2164 1156 2202; x_wconf 79' lang='lat' dir='ltr'><em>tecti,</em></span> <span class='ocrx_word' id='word_1_533' title='bbox 1172 2173 1213 2194; x_wconf 77' lang='lat' dir='ltr'><em>nc</em></span> <span class='ocrx_word' id='word_1_534' title='bbox 1236 2164 1330 2194; x_wconf 73' lang='lat' dir='ltr'><em>cerni</em></span> <span class='ocrx_word' id='word_1_535' title='bbox 1348 2163 1476 2204; x_wconf 81' lang='lat' dir='ltr'><em>possint</em></span> <span class='ocrx_word' id='word_1_536' title='bbox 1505 2163 1531 2194; x_wconf 93' lang='lat' dir='ltr'>C</span> <span class='ocrx_word' id='word_1_537' title='bbox 1549 2161 1571 2201; x_wconf 83' lang='lat' dir='ltr'><em>i,</em></span> <span class='ocrx_word' id='word_1_538' title='bbox 1585 2165 1638 2193; x_wconf 83' lang='lat'><em>28.</em></span> <span class='ocrx_word' id='word_1_539' title='bbox 1664 2161 1718 2194; x_wconf 80' lang='lat' dir='ltr'><em>Cf.</em></span> 
     </span>
     <span class='ocr_line' id='line_1_98' title="bbox 1059 2204 1717 2244; baseline -0.002 -8"><span class='ocrx_word' id='word_1_540' title='bbox 1059 2216 1088 2236; x_wconf 92' lang='lat' dir='ltr'><em>c.</em></span> <span class='ocrx_word' id='word_1_541' title='bbox 1119 2210 1173 2237; x_wconf 84' lang='grc'><em>27.</em></span> <span class='ocrx_word' id='word_1_542' title='bbox 1217 2216 1313 2236; x_wconf 66' lang='lat' dir='ltr'><em>cresus</em></span> <span class='ocrx_word' id='word_1_543' title='bbox 1341 2207 1444 2244; x_wconf 80' lang='lat' dir='ltr'><em>stilus,</em></span> <span class='ocrx_word' id='word_1_544' title='bbox 1477 2205 1630 2236; x_wconf 85' lang='lat' dir='ltr'><em>occultus</em></span> <span class='ocrx_word' id='word_1_545' title='bbox 1661 2204 1717 2236; x_wconf 78' lang='lat' dir='ltr'><em>Af.</em></span> 
     </span>
     <span class='ocr_line' id='line_1_99' title="bbox 1059 2249 1719 2289; baseline -0.003 -9"><span class='ocrx_word' id='word_1_546' title='bbox 1059 2251 1112 2280; x_wconf 82' lang='lat'><em>31.</em></span> <span class='ocrx_word' id='word_1_547' title='bbox 1166 2249 1257 2289; x_wconf 78' lang='lat' dir='ltr'><em>Ergo</em></span> <span class='ocrx_word' id='word_1_548' title='bbox 1289 2250 1321 2279; x_wconf 90' lang='lat' dir='ltr'><em>in</em></span> <span class='ocrx_word' id='word_1_549' title='bbox 1353 2249 1478 2279; x_wconf 87' lang='lat' dir='ltr'><em>talibus</em></span> <span class='ocrx_word' id='word_1_550' title='bbox 1509 2257 1622 2278; x_wconf 79' lang='lat' dir='ltr'><em>caecum</em></span> <span class='ocrx_word' id='word_1_551' title='bbox 1653 2254 1719 2286; x_wconf 86' lang='lat' dir='ltr'><em>est,</em></span> 
     </span>
     <span class='ocr_line' id='line_1_100' title="bbox 1061 2291 1720 2333; baseline 0 -12"><span class='ocrx_word' id='word_1_552' title='bbox 1061 2291 1152 2332; x_wconf 82' lang='lat' dir='ltr'><em>quod</em></span> <span class='ocrx_word' id='word_1_553' title='bbox 1179 2292 1273 2323; x_wconf 75' lang='lat' dir='ltr'><em>cerni</em></span> <span class='ocrx_word' id='word_1_554' title='bbox 1304 2301 1372 2323; x_wconf 87' lang='lat' dir='ltr'><em>uon</em></span> <span class='ocrx_word' id='word_1_555' title='bbox 1404 2296 1531 2333; x_wconf 82' lang='lat' dir='ltr'><em>potest,</em></span> <span class='ocrx_word' id='word_1_556' title='bbox 1569 2295 1720 2332; x_wconf 85' lang='lat' dir='ltr'><em>metony-</em></span> 
     </span>
     <span class='ocr_line' id='line_1_101' title="bbox 1060 2343 1160 2366; baseline 0.02 -2"><span class='ocrx_word' id='word_1_557' title='bbox 1060 2343 1160 2366; x_wconf 82' lang='lat' dir='ltr'><em>inice.</em></span> 
     </span>
    </p>

    <p class='ocr_par' dir='ltr' id='par_1_39' title="bbox 1018 2374 1718 2589">
     <span class='ocr_line' id='line_1_102' title="bbox 1018 2374 1718 2418; baseline -0.001 -12"><span class='ocrx_word' id='word_1_558' title='bbox 1018 2377 1171 2408; x_wconf 79' lang='lat' dir='ltr'><em>Coelatum</em></span> <span class='ocrx_word' id='word_1_559' title='bbox 1196 2387 1283 2418; x_wconf 69' lang='lat' dir='ltr'><em>opuS,</em></span> <span class='ocrx_word' id='word_1_560' title='bbox 1312 2377 1345 2408; x_wconf 85' lang='grc' dir='ltr'><strong>Η</strong></span> <span class='ocrx_word' id='word_1_561' title='bbox 1362 2380 1415 2408; x_wconf 85' lang='grc'><em>25.</em></span> <span class='ocrx_word' id='word_1_562' title='bbox 1440 2379 1577 2408; x_wconf 81' lang='lat' dir='ltr'><em>constat</em></span> <span class='ocrx_word' id='word_1_563' title='bbox 1604 2374 1718 2418; x_wconf 82' lang='lat' dir='ltr'><em>figuris</em></span> 
     </span>
     <span class='ocr_line' id='line_1_103' title="bbox 1061 2418 1716 2461; baseline -0.005 -11"><span class='ocrx_word' id='word_1_564' title='bbox 1061 2420 1216 2460; x_wconf 81' lang='lat' dir='ltr'><em>sculptis,</em></span> <span class='ocrx_word' id='word_1_565' title='bbox 1247 2431 1321 2461; x_wconf 65' lang='lat' dir='ltr'><em>quae</em></span> <span class='ocrx_word' id='word_1_566' title='bbox 1352 2420 1450 2451; x_wconf 66' lang='lat' dir='ltr'><em>¹alicui</em></span> <span class='ocrx_word' id='word_1_567' title='bbox 1481 2420 1544 2458; x_wconf 86' lang='lat' dir='ltr'><em>rci,</em></span> <span class='ocrx_word' id='word_1_568' title='bbox 1573 2424 1608 2449; x_wconf 87' lang='lat' dir='ltr'><em>nt</em></span> <span class='ocrx_word' id='word_1_569' title='bbox 1635 2419 1664 2449; x_wconf 93' lang='lat' dir='ltr'><em>h.</em></span> <span class='ocrx_word' id='word_1_570' title='bbox 1696 2418 1716 2448; x_wconf 91' lang='lat' dir='ltr'><em>l.</em></span> 
     </span>
     <span class='ocr_line' id='line_1_104' title="bbox 1060 2460 1718 2504; baseline -0.005 -12"><span class='ocrx_word' id='word_1_571' title='bbox 1060 2463 1356 2504; x_wconf 80' lang='lat' dir='ltr'><em>scuto,illigantur</em></span> <span class='ocrx_word' id='word_1_572' title='bbox 1371 2473 1396 2494; x_wconf 91' lang='lat' dir='ltr'><em>s.</em></span> <span class='ocrx_word' id='word_1_573' title='bbox 1425 2461 1617 2503; x_wconf 81' lang='lat' dir='ltr'><em>affiguntur.</em></span> <span class='ocrx_word' id='word_1_574' title='bbox 1656 2460 1718 2490; x_wconf 72' lang='lat' dir='ltr'><em>Est</em></span> 
     </span>
     <span class='ocr_line' id='line_1_105' title="bbox 1061 2500 1717 2546; baseline -0.006 -11"><span class='ocrx_word' id='word_1_575' title='bbox 1061 2515 1142 2536; x_wconf 82' lang='lat' dir='ltr'><em>vero</em></span> <span class='ocrx_word' id='word_1_576' title='bbox 1157 2506 1260 2536; x_wconf 86' lang='lat' dir='ltr'><em>etiam</em></span> <span class='ocrx_word' id='word_1_577' title='bbox 1289 2507 1423 2537; x_wconf 86' lang='lat' dir='ltr'><em>omuino</em></span> <span class='ocrx_word' id='word_1_578' title='bbox 1454 2514 1550 2546; x_wconf 90' lang='lat' dir='ltr'><em>opus,</em></span> <span class='ocrx_word' id='word_1_579' title='bbox 1576 2500 1662 2544; x_wconf 87' lang='lat' dir='ltr'><em>quod</em></span> <span class='ocrx_word' id='word_1_580' title='bbox 1681 2501 1717 2532; x_wconf 85' lang='lat' dir='ltr'><em>li-</em></span> 
     </span>
     <span class='ocr_line' id='line_1_106' title="bbox 1062 2549 1488 2589; baseline 0 -11"><span class='ocrx_word' id='word_1_581' title='bbox 1062 2558 1161 2587; x_wconf 84' lang='lat' dir='ltr'><em>guras</em></span> <span class='ocrx_word' id='word_1_582' title='bbox 1175 2549 1360 2589; x_wconf 70' lang='lat' dir='ltr'><em>insculptas</em></span> <span class='ocrx_word' id='word_1_583' title='bbox 1377 2549 1488 2580; x_wconf 82' lang='lat' dir='ltr'><em>habet.</em></span> 
     </span>
    </p>

    <p class='ocr_par' dir='ltr' id='par_1_40' title="bbox 1021 2591 1437 2631">
     <span class='ocr_line' id='line_1_107' title="bbox 1021 2591 1437 2631; baseline 0.002 -11"><span class='ocrx_word' id='word_1_584' title='bbox 1021 2591 1178 2622; x_wconf 52' lang='lat' dir='ltr'><em>Caeruleus</em></span> <span class='ocrx_word' id='word_1_585' title='bbox 1193 2593 1272 2622; x_wconf 84' lang='lat' dir='ltr'><em>color</em></span> <span class='ocrx_word' id='word_1_586' title='bbox 1289 2593 1319 2623; x_wconf 93' lang='lat' dir='ltr'>G</span> <span class='ocrx_word' id='word_1_587' title='bbox 1336 2603 1368 2631; x_wconf 91' lang='lat' dir='ltr'><em>v,</em></span> <span class='ocrx_word' id='word_1_588' title='bbox 1385 2595 1437 2622; x_wconf 78' lang='grc'><strong>1-1.</strong></span> 
     </span>
    </p>

    <p class='ocr_par' dir='ltr' id='par_1_41' title="bbox 1021 2631 1714 2714">
     <span class='ocr_line' id='line_1_108' title="bbox 1021 2631 1714 2674; baseline -0.006 -11"><span class='ocrx_word' id='word_1_589' title='bbox 1021 2633 1151 2665; x_wconf 77' lang='lat' dir='ltr'><em>calones</em></span> <span class='ocrx_word' id='word_1_590' title='bbox 1181 2634 1213 2665; x_wconf 93' lang='lat' dir='ltr'>G</span> <span class='ocrx_word' id='word_1_591' title='bbox 1241 2635 1286 2674; x_wconf 83' lang='lat' dir='ltr'><em>vi,</em></span> <span class='ocrx_word' id='word_1_592' title='bbox 1312 2637 1363 2665; x_wconf 84' lang='grc'><em>36.</em></span> <span class='ocrx_word' id='word_1_593' title='bbox 1411 2633 1570 2663; x_wconf 74' lang='lat' dir='ltr'><em>dicuntur</em></span> <span class='ocrx_word' id='word_1_594' title='bbox 1601 2639 1631 2661; x_wconf 91' lang='lat' dir='ltr'><em>c.</em></span> <span class='ocrx_word' id='word_1_595' title='bbox 1663 2631 1714 2659; x_wconf 86' lang='grc'><em>37.</em></span> 
     </span>
     <span class='ocr_line' id='line_1_109' title="bbox 1061 2675 1479 2714; baseline -0.007 -7"><span class='ocrx_word' id='word_1_596' title='bbox 1061 2681 1256 2708; x_wconf 82' lang='lat' dir='ltr'><em>mercatores.</em></span> <span class='ocrx_word' id='word_1_597' title='bbox 1273 2676 1325 2708; x_wconf 83' lang='lat' dir='ltr'><em>Cf.</em></span> <span class='ocrx_word' id='word_1_598' title='bbox 1343 2677 1371 2707; x_wconf 92' lang='lat' dir='ltr'>C</span> <span class='ocrx_word' id='word_1_599' title='bbox 1389 2675 1410 2714; x_wconf 88' lang='lat' dir='ltr'><em>i,</em></span> <span class='ocrx_word' id='word_1_600' title='bbox 1425 2677 1479 2704; x_wconf 85' lang='lat'><em>52.</em></span> 
     </span>
    </p>

    <p class='ocr_par' dir='ltr' id='par_1_42' title="bbox 1022 2719 1522 2800">
     <span class='ocr_line' id='line_1_110' title="bbox 1022 2719 1442 2759; baseline -0.007 -10"><span class='ocrx_word' id='word_1_601' title='bbox 1022 2720 1140 2759; x_wconf 80' lang='lat' dir='ltr'><em>Capere</em></span> <span class='ocrx_word' id='word_1_602' title='bbox 1164 2721 1260 2750; x_wconf 80' lang='lat' dir='ltr'><em>locum</em></span> <span class='ocrx_word' id='word_1_603' title='bbox 1291 2719 1322 2749; x_wconf 90' lang='lat' dir='ltr'>G</span> <span class='ocrx_word' id='word_1_604' title='bbox 1352 2727 1384 2756; x_wconf 93' lang='lat' dir='ltr'><em>v,</em></span> <span class='ocrx_word' id='word_1_605' title='bbox 1411 2721 1442 2747; x_wconf 78' lang='lat'><em>8.</em></span> 
     </span>
     <span class='ocr_line' id='line_1_111' title="bbox 1062 2759 1522 2800; baseline -0.004 -9"><span class='ocrx_word' id='word_1_606' title='bbox 1062 2762 1106 2800; x_wconf 85' lang='lat' dir='ltr'><em>iv,</em></span> <span class='ocrx_word' id='word_1_607' title='bbox 1133 2764 1184 2792; x_wconf 86' lang='lat'><em>36.</em></span> <span class='ocrx_word' id='word_1_608' title='bbox 1229 2761 1263 2790; x_wconf 90' lang='lat' dir='ltr'><em>in</em></span> <span class='ocrx_word' id='word_1_609' title='bbox 1291 2770 1366 2791; x_wconf 90' lang='lat' dir='ltr'><em>cum</em></span> <span class='ocrx_word' id='word_1_610' title='bbox 1394 2759 1522 2790; x_wconf 83' lang='lat' dir='ltr'><em>venire.</em></span> 
     </span>
    </p>
   </div>
   <div class='ocr_carea' id='block_1_9' title="bbox 1488 2714 1717 2788">
    <p class='ocr_par' dir='ltr' id='par_1_43' title="bbox 1488 2714 1717 2788">
     <span class='ocr_line' id='line_1_112' title="bbox 1488 2714 1717 2756; baseline -0.009 -10"><span class='ocrx_word' id='word_1_611' title='bbox 1488 2720 1521 2747; x_wconf 84' lang='lat' dir='ltr'><em>et</em></span> <span class='ocrx_word' id='word_1_612' title='bbox 1536 2718 1659 2756; x_wconf 79' lang='lat' dir='ltr'><em>portum</em></span> <span class='ocrx_word' id='word_1_613' title='bbox 1686 2714 1717 2745; x_wconf 87' lang='lat' dir='ltr'>G</span> 
     </span>
     <span class='ocr_line' id='line_1_113' title="bbox 1568 2758 1717 2788; baseline -0.007 0"><span class='ocrx_word' id='word_1_614' title='bbox 1568 2758 1635 2788; x_wconf 65' lang='lat' dir='ltr'><em>Sed</em></span> <span class='ocrx_word' id='word_1_615' title='bbox 1669 2767 1717 2788; x_wconf 84' lang='lat' dir='ltr'><em>cu-</em></span> 
     </span>
    </p>
   </div>
  </div>
 </body>
</html>
