1872 3104
582 207 622 236 c.
654 205 692 234 J.
726 203 943 233 CAESAms
978 202 1108 231 Vl'rA.
1461 195 1575 236 1915

115 306 240 340 λευον·
271 303 290 338 ὁ
324 302 366 339 δὲ
397 301 548 348 Καῖσαρ
566 300 732 334 ἀναστὰς
752 299 872 344 λόγον
898 295 1025 340 διῆλθε
1057 302 1385 347 πεφροντισμένον,
1407 303 1451 337 ὡς
1484 303 1575 339 ἀπο-

118 373 256 404 κτεῖναι
288 365 358 414 μὲν
389 366 552 412 ἀκρίτους
583 360 716 409 ἄνδρας
744 362 922 411 ἀξιώματι
960 362 1018 397 καὶ
1058 365 1162 408 γένει
1181 361 1383 409 λαμπροὺς,
1404 364 1445 397 οὺ
1478 362 1575 400 δοκεῖ

116 431 299 478 πάτριον,7
330 426 412 464 οὐδὲ
445 425 589 463 δίκαιον
609 424 720 469 εἶναι,
749 428 799 474 μὴ
829 428 923 475 μετὰ
942 428 1003 470 τὴς
1023 425 1181 476 ἐσχάτης
1201 424 1397 472 ἀι’άγκης.3
1454 424 1498 460 Εἰ
1536 426 1575 463 δὲ

116 498 322 544 φρουροῖντο
342 490 509 527 δεθέντες
528 491 570 526 έν
590 491 724 526 πόλεσι
743 499 804 534 τῆς
821 488 997 533 Ἰταλίας,
1031 490 1072 525 ἃς
1105 490 1153 524 ἂν
1186 488 1290 525 αὐτὸς
1312 490 1441 533 ἕληται
1463 488 1575 525 Κικέ-

112 572 197 605 ρων,
227 559 358 606 μέχρις
390 551 431 591 οὗ
465 555 748 606 καταπολεμηθῇ
769 552 990 596 Κατιλίνας,
1012 553 1165 600 ὕστερον
1197 552 1237 589 έν
1272 554 1395 604 εἰρήνῃ
1419 553 1476 588 καὶ
1498 555 1572 589 καθ’

113 623 272 670 ἡσυχίαν
291 620 372 668 περὶ
392 619 545 656 ἑκάστου
565 620 608 670 τῇ
627 615 750 668 βουλῇ
771 623 912 663 γνῶναι
932 617 1096 665 ὑπάρξει.

666 829 701 871 C
717 830 759 872 A
774 830 826 873 P.
877 829 1017 872 VIII.

112 943 188 975 Qua
203 942 236 973 in
253 941 333 972 vitat·¹
348 940 536 981 periculum
553 939 721 971 adductus
746 948 765 969 a
790 939 937 970 Curione
963 943 998 969 et
1026 938 1207 977 Cicerone,
1234 938 1368 978 plebem
1386 943 1572 979 metuente,

153 994 308 1035 eripitur.
354 993 492 1026 Catonis
511 998 621 1024 tamen
639 997 724 1032 arte,
742 992 798 1033 qui
822 997 1028 1022 menstruam
1046 1001 1211 1022 annonam
1239 992 1329 1032 plebi
1355 991 1573 1023 dividendam

154 1047 286 1079 senatui
302 1051 531 1088 persuaserat,
545 1046 689 1077 multum
708 1050 777 1076 tum
796 1045 960 1086 potentiae
977 1045 1102 1076 amisit.

161 1142 270 1181 Οὕτω
290 1142 329 1181 δὲ
348 1153 409 1189 τῆς
440 1145 587 1194 γνώμης
612 1144 871 1195 φιλανθρώπου
890 1146 1078 1195 φανείσης,
1101 1146 1159 1181 καὶ
1179 1148 1241 1181 τοῦ
1260 1145 1378 1191 λόγου
1409 1141 1570 1180 δυνατῶς

109 1209 164 1245 ἐπ’
185 1210 276 1261 αὐτῇ
293 1211 303 1227 ¹
326 1209 508 1257 ῥηθέντος,
529 1210 570 1245 οὗ
589 1210 704 1258 μόνον
725 1209 759 1245 οἱ
778 1211 873 1257 μετὰ
893 1215 1022 1246 τοῦτον
1037 1208 1280 1257 ἀνιστάμενοι
1299 1208 1571 1255 προσετίθεντο,

111 1273 244 1310 πολλοὶ
265 1270 306 1308 δὲ
327 1274 385 1308 καὶ
405 1279 475 1309 τῶν
495 1272 562 1320 πρὸ
583 1275 694 1309 αὑτοῦ
726 1274 789 1310 τὰς
815 1273 1010 1322 εἰρημένας
1028 1273 1179 1321 γνώμας
1200 1271 1464 1320 ἀπειπάμενοι,
1487 1270 1573 1317 πρὸς

110 1337 176 1380 τὴν
207 1336 346 1372 ἐκείνου
378 1337 624 1384 μετέστησαν·
656 1337 722 1372 ἕως
759 1337 819 1372 ἐπὶ
856 1336 1020 1372 Κάτωνα.
1056 1336 1096 1372 τὸ
1135 1340 1294 1384 πρᾶγμα
1328 1335 1386 1370 καὶ
1419 1334 1573 1370 Κάτλον

111 1400 297 1446 περιῆλθε.
353 1398 503 1435 Τούτων
531 1398 571 1435 δὲ
605 1405 777 1435 νεανικῶς
810 1399 1120 1442 ἐναντιωθέντων,
1142 1398 1315 1434 Κάτωνος
1345 1395 1383 1432 δὲ
1414 1397 1474 1432 καὶ
1507 1397 1572 1439 τὴν

109 1462 288 1500 ὑπόνοιαν
318 1463 398 1512 ἅμα
430 1466 478 1514 τῷ
509 1463 611 1513 λόγῳ
643 1465 969 1511 συνεπερείσαντος
1000 1464 1110 1513 αὐτῷ,
1144 1463 1203 1497 καὶ
1233 1463 1573 1505 συνεξαναστάντος

107 1526 329 1575 ἔῤῥωμένως,
349 1528 383 1564 οἷ
401 1528 472 1577 μὲν
492 1526 622 1577 ἄνδρες
641 1529 938 1577 ἀποθανούμενοι
959 1524 1236 1574 παρεδόθησαν,
1263 1524 1430 1573 Καίσαρι
1450 1521 1491 1560 δὲ
1511 1529 1572 1567 τῆς

107 1589 246 1636 βουλῆς
266 1592 395 1638 ἐξιόντι
414 1594 548 1629 πολλοὶ
567 1599 640 1629 τῶν
659 1591 850 1641 Κικέρωνα
884 1594 1134 1642 φρουρούντων
1170 1591 1253 1626 τότε
1289 1591 1382 1625 νέων
1399 1588 1415 1605 ²
1445 1588 1572 1637 γυμνὰ

109 1657 152 1691 τὰ
182 1657 264 1705 ξίφη
298 1654 563 1706 συνδραμόντες
596 1656 774 1706 ἐπέσχον.
845 1653 974 1691 Ἀλλὰ
1010 1654 1182 1702 Κουρίων
1221 1653 1303 1689 τότε
1335 1655 1491 1699 λέγεται
1528 1654 1573 1702 τῇ

108 1717 277 1769 τηβέννῳ
297 1718 514 1767 περιβαλὼν
532 1721 799 1768 ὑπεξαγαγεῖν·
835 1721 942 1757 αὑτός
962 1735 1001 1756 τε
1022 1719 1040 1754 ὁ
1061 1718 1241 1766 Κικέρων,
1263 1719 1309 1753 ὡς
1329 1715 1362 1753 οἱ
1384 1718 1572 1752 νεανίσκοι

112 1782 392 1831 προσέβλεψαν,
413 1785 634 1829 ἀνανεῦσαι,
652 1783 826 1836 φοβηθεὶς
845 1784 909 1822 τὸν
929 1782 1061 1833 δῆμον,
1075 1783 1096 1826 ἢ
1119 1782 1183 1819 τὸν
1199 1782 1312 1831 φόνον
1334 1780 1426 1816 ὅλως
1445 1778 1572 1816 ἄδικον

110 1848 169 1883 καὶ
188 1848 403 1897 παράνομον
422 1849 637 1899 ἡγούμενος.
693 1849 814 1886 Τοῦτο
841 1849 913 1899 μὲν
942 1846 1007 1884 οὖν
1040 1848 1103 1884 οὐκ
1130 1843 1216 1882 οἶδα
1238 1844 1332 1880 ὅπως
1353 1845 1370 1880 ὁ
1390 1844 1570 1891 Κικέρων,

108 1911 211 1959 εἴπερ
230 1909 275 1956 ἧν
294 1913 442 1957 ἀληθὲς,
458 1914 499 1950 έν
513 1916 561 1964 τῷ
581 1915 662 1963 περὶ
681 1919 742 1956 τῆς
761 1913 936 1949 ὑπατείας
955 1912 1017 1947 οὐκ
1037 1909 1219 1961 ἔγραψεν·
1235 1910 1249 1930 ³
1271 1910 1399 1944 αἰτίαν
1414 1905 1444 1943 δ’
1465 1905 1570 1958 εἶχεν

767 2036 910 2068 NOTAE

149 2113 168 2141 7
204 2110 249 2141 Οὐ
274 2110 416 2152 πάτριον]
461 2113 606 2145 Cautum
630 2116 707 2144 erat
733 2113 810 2153 lege

108 2161 214 2192 l’ortiz·
237 2162 353 2202 Leccae,
378 2173 420 2193 ne
447 2164 523 2204 quis
553 2164 662 2194 civem
690 2165 809 2195 Roma-

107 2220 186 2241 num
203 2210 348 2242 vinciret
363 2216 422 2242 aut
438 2213 648 2253 verberaret,
670 2217 730 2244 aut
753 2223 810 2244 ne-

106 2265 223 2299 caret;
261 2266 296 2292 et
312 2262 386 2302 lege
405 2263 441 2292 C.
460 2262 608 2302 Gracchi,
631 2272 674 2293 ne
695 2263 737 2294 de
754 2273 808 2295 ca-

106 2311 178 2352 pite
194 2312 276 2343 civis
294 2312 394 2343 Rom.
410 2312 536 2353 injussu
555 2313 643 2354 Pop.
661 2314 701 2345 R.
720 2314 808 2354 judi-

106 2366 254 2393 caretur.

149 2413 170 2441 8
193 2410 244 2447 Μὴ
266 2411 344 2449 μετὰ
357 2424 387 2444 τ.
403 2424 427 2443 ε.
443 2413 490 2453 α.]
534 2414 579 2444 Η.
597 2423 625 2445 e.
649 2413 691 2452 μὴ
717 2414 810 2452 οὔσης

105 2462 162 2498 τῆς
179 2459 318 2500 ἐσχάτης
332 2461 478 2502 ἀνάγκης.
523 2464 648 2495 Reiske.
699 2466 809 2498 Quam

106 2521 226 2552 parum
244 2516 376 2543 veteres
403 2513 437 2543 in
463 2519 661 2554 argumento
685 2516 809 2546 oratio-

105 2561 158 2592 nis
175 2562 319 2593 Caesaris
335 2562 550 2602 conveniant,
565 2564 644 2595 vide
660 2565 694 2595 in
711 2566 809 2597 Com-

105 2617 210 2643 meut.
226 2612 416 2644 Casauboni
432 2612 475 2642 ad
491 2613 562 2644 Jul.
579 2623 610 2644 c.
628 2617 680 2645 14.

149 2717 166 2745 1
201 2714 268 2745 Ἐπ’
297 2715 388 2756 αὐτῇ]
434 2715 512 2746 Non
536 2714 704 2756 intelligo,
730 2725 809 2746 num

107 2765 276 2806 significet
290 2766 393 2807 idem,
408 2771 511 2808 atque
537 2767 586 2797 ἐπὶ
610 2769 655 2806 τῷ
681 2768 810 2802 βεβαιῶ-

864 2121 917 2142 σαι
941 2110 1048 2151 αὗτὴν,
1071 2112 1111 2141 ad
1135 2111 1220 2141 illam
1242 2109 1429 2141 sententiam
1448 2110 1570 2140 deumn-

861 2165 1022 2194 sti-andam
1037 2166 1128 2203 atque
1147 2161 1396 2203 confirmandam.
1442 2160 1571 2192 Reiske.

907 2216 926 2244 2
950 2211 1050 2253 Νέων]
1090 2212 1250 2244 Nonnulli
1266 2211 1398 2251 equites
1414 2211 1571 2250 Romani,

863 2265 921 2305 qui
952 2263 1102 2305 praesidii
1132 2272 1235 2294 causa
1260 2272 1338 2293 cum
1366 2261 1443 2292 telis
1470 2265 1570 2292 erant

863 2315 991 2346 circum
1022 2314 1129 2345 aedem
1157 2312 1370 2352 Concordiae,
1396 2321 1453 2343 seu
1481 2311 1570 2352 peri-

863 2366 933 2397 culi
964 2365 1209 2406 magnitndme,
1236 2374 1295 2395 seu
1322 2363 1423 2393 animi
1453 2362 1570 2393 nobili-

864 2422 936 2448 tate
963 2416 1113 2457 impulsi,
1140 2425 1205 2456 quo
1232 2414 1382 2445 studium
1409 2422 1505 2443 suum
1535 2412 1568 2442 in

862 2467 1106 2508 rempublicam
1138 2465 1263 2497 clarius
1294 2470 1395 2496 esset.
1452 2463 1569 2494 Sallus-

861 2517 936 2548 tius.

905 2570 924 2598 3
946 2567 999 2597 Ἐν
1012 2569 1056 2605 τῷ
1070 2565 1137 2606 περὶ
1151 2567 1208 2602 τῆς
1224 2563 1382 2602 ὑπατείας]
1421 2563 1467 2593 Η.
1486 2572 1516 2593 e.
1534 2562 1568 2593 in

865 2617 1041 2648 Ciceronis
1059 2615 1303 2647 commentario
1319 2614 1362 2644 de
1380 2614 1569 2644 Consulatu

865 2676 939 2706 suo,
964 2671 999 2696 et
1026 2666 1174 2696 carmine
1189 2663 1296 2704 ejusd.
1314 2673 1441 2703 argum.
1457 2663 1567 2703 cujus,

864 2726 931 2747 non
957 2715 1100 2755 amplius
1128 2714 1406 2753 extantis,etiam
1428 2713 1566 2745 Servius

864 2767 1019 2798 meminit
1035 2767 1075 2798 ad
1091 2767 1186 2806 Virg.
1206 2765 1279 2795 Ecl.
1296 2773 1378 2796 vm.
1396 2767 1467 2796 105.
