1872 3104
645 212 687 241 G.
719 209 850 240 Jttmt
885 209 1118 238 CAESAms.
1489 200 1603 240 2059

207 314 369 365 epistola
399 310 556 362 praefixa
587 314 654 353 est,
686 315 723 346 et
754 309 1003 352 plantiniana,
1036 314 1296 358 praetereaque
1327 307 1443 344 habet
1478 310 1601 346 lloto-

208 376 331 414 manui
351 373 675 412 commentarium.
712 373 842 409 Editor
863 373 966 409 latet.

160 446 256 477 1585
288 438 460 476 Londini.
498 437 555 473 lb'.
601 438 646 473 C.
668 437 758 474 Julii
780 437 939 473 Cau-aris
961 435 1250 479 Coninientarii,
1284 434 1390 471 novis
1420 435 1601 473 emenda·

207 503 385 545 tionibus,
405 504 481 538 ἃς,
540 500 714 545 Londini,
747 501 849 550 apud
874 500 1083 536 Aruoldum
1111 498 1277 536 Hatfield
1316 506 1353 536 et
1385 499 1469 536 Nic.
1493 500 1603 537 Neu·-

207 566 678 613 tonum.———Bruggemaun
701 577 740 612 p.
765 569 853 599 515.

160 627 257 666 1586
287 628 476 677 Lugduni.
501 634 536 664 8.
559 630 603 665 C.
626 628 715 665 Julii
737 627 896 665 Caesaris
919 640 1040 664 rerum
1062 627 1112 663 ab
1133 640 1172 664 se
1187 632 1379 675 gestarum
1401 627 1605 664 Commen-

204 692 301 736 tani,
338 705 425 729 cum
457 691 754 728 accessionibus.
814 691 1005 739 Lugduni,
1045 689 1148 740 apud
1183 692 1273 727 Ant.
1314 689 1605 740 Gryphium.—

205 755 307 793 Bibl.
332 755 524 792 Euitiuck.
550 757 591 792 P.
616 765 686 792 111.
710 768 749 804 p.
772 760 861 791 2311.
884 766 921 791 u.
944 753 1036 791 (513.

153 841 204 847 —
234 819 477 868 Antwerpiae.
511 824 546 855 8.
590 820 635 855 C.
657 818 746 855 Julii
767 818 927 855 Caesaris
959 816 1232 854 Commentarii
1259 815 1307 852 de
1328 816 1429 853 bello
1450 816 1606 854 Gallico

207 889 246 920 et
265 883 390 920 Civili.
423 882 606 930 Ejusdem
628 882 829 927 librorum,
851 882 915 931 qui
936 881 1217 925 desiderantur,
1238 879 1462 929 fragmenta.
1511 880 1607 916 Om—

205 946 266 983 nia
280 940 433 995 judicio
456 946 524 982 viri
546 945 652 982 docti
672 945 874 981 emendata
894 950 930 981 et
951 944 1065 981 edita.
1108 943 1352 993 Antwerpiae,
1373 942 1478 993 apud
1499 943 1608 980 Plan-

208 1010 432 1046 tin.-—-Bibl.
458 1009 649 1046 Emtinck.
672 1007 766 1044 ibid.
789 1020 826 1043 n.
849 1006 940 1043 614.

159 1076 254 1109 1588
285 1072 463 1109 Venetiis.
497 1078 533 1109 S.
565 1071 610 1108 C.
631 1071 721 1108 Julii
742 1070 904 1108 Caesaris
927 1069 1216 1114 Commentarii,
1237 1070 1286 1107 ab
1308 1069 1410 1107 Aldo
1431 1068 1606 1107 Manutio

207 1134 400 1171 emendati
421 1141 459 1171 ct
479 1134 633 1171 scholiis
657 1134 849 1171 illustrati.
879 1134 1062 1178 Venetus,
1085 1133 1185 1183 apud
1207 1132 1369 1170 Aldum.

160 1203 259 1242 1589
289 1198 529 1235 Francosurti
549 1198 597 1235 ad
620 1198 676 1235 M.
717 1197 786 1234 fot.
818 1197 1015 1246 Repetitio
1035 1197 1097 1234 ed.
1124 1202 1238 1240 1575.

155 1284 210 1290 --
237 1262 408 1299 Coloniae
430 1263 595 1312 Agripp.
619 1267 655 1299 S.
688 1263 733 1299 C.
755 1261 846 1299 Julii
867 1262 1030 1298 Caesaris
1052 1260 1421 1299 Commentariorum
1438 1259 1486 1297 de
1506 1259 1610 1297 bello

211 1325 364 1363 Gallico
397 1326 483 1362 libri
512 1335 616 1362 vlu.
660 1325 762 1361 civili
790 1325 1026 1374 Pompeiano
1057 1325 1144 1361 libri
1181 1335 1253 1362 111.
1297 1323 1558 1361 Alexandrino
1580 1334 1610 1360 1.

212 1388 346 1425 Africo
367 1402 397 1425 1.
429 1389 668 1439 Hispaniensi
692 1400 722 1426 1.
770 1388 924 1425 Pictura
943 1389 1060 1425 totius
1081 1388 1234 1432 Galtiae,
1253 1388 1460 1437 Hispauiae,
1484 1386 1612 1437 pontis

210 1451 246 1488 in
278 1451 430 1496 Rheno,
465 1455 542 1488 ὣς.
588 1464 657 1500 per
692 1451 917 1489 Jucundum
952 1453 1224 1496 Veronensem,
1270 1465 1317 1488 ex
1354 1450 1612 1499 descriptione

212 1515 385 1553 Caesaris.
443 1517 626 1552 Veterum
648 1515 787 1552 Galliae
808 1516 996 1560 locorum,
1031 1515 1278 1565 populorum,
1313 1514 1478 1557 urbium,
1510 1526 1614 1550 mon-

212 1577 319 1622 tium,
349 1591 394 1616 ac
428 1577 630 1615 fluviorum
653 1578 778 1615 brevis
800 1578 1021 1628 descriptio.
1080 1579 1179 1615 Cum
1201 1577 1335 1615 Indice
1364 1576 1616 1627 locupletissi-

213 1655 290 1678 mo.
338 1643 511 1680 Coloniae
533 1642 773 1693 Agrippinae,
805 1643 907 1692 apud
930 1643 1032 1680 Petr.
1056 1642 1344 1679 Horst.—Bibt.
1366 1640 1490 1678 Acad.
1523 1639 1615 1676 Hei-

215 1706 318 1743 delb.

166 1774 265 1813 1590
294 1770 474 1807 Venetiis.
508 1776 543 1808 8.
574 1769 678 1820 apud
703 1769 859 1807 Aldum.

159 1855 212 1860 —
240 1832 418 1869 Londini.
454 1832 513 1870 16.
535 1846 600 1884 ap.
623 1835 717 1870 Am.
742 1831 928 1870 Hatfield.
949 1832 1146 1881 Repetitio
1166 1831 1228 1869 ed.
1254 1835 1367 1868 1585.

166 1900 259 1940 1591
295 1897 465 1934 Basileae.
516 1904 552 1935 S.
591 1911 679 1935 cum
719 1897 876 1946 picturis
916 1910 1047 1945 geogr.
1086 1894 1413 1944 descriptionibus
1443 1893 1615 1930 locorum

213 1959 462 2005 diversorum,
502 1962 617 2006 notis,
655 1961 763 1997 variis
795 1960 1037 2004 lectionibus,
1072 1957 1389 1995 annotationibus
1422 1956 1615 2000 Marliaui,

215 2023 355 2069 Ursini,
390 2025 581 2069 Glareani,
616 2024 851 2063 Hotomanni
882 2031 920 2061 et
949 2023 1124 2060 aliorum.
1175 2021 1346 2065 Basileae,
1384 2034 1431 2058 ex
1464 2019 1618 2057 officina

219 2086 439 2126 Osteniana.

170 2153 267 2192 1593
298 2150 474 2200 Lugduni
495 2152 581 2188 ssat.
613 2157 650 2189 S.
681 2151 877 2202 Repetitio
897 2150 960 2188 ed.
986 2149 1099 2188 1586.

166 2234 218 2242 —
246 2213 423 2262 Lugduni
445 2216 529 2251 Bat.
563 2221 598 2252 S.
642 2215 688 2252 C.
710 2216 802 2253 Julii
823 2215 986 2253 Caesaris
1007 2214 1135 2251 omnia
1155 2226 1241 2263 quae
1263 2217 1415 2249 extant:
1440 2212 1523 2261 jam
1545 2212 1620 2261 pri-

220 2277 309 2315 dem
329 2291 445 2328 opcra
465 2287 502 2316 et
523 2279 675 2327 judicio
696 2281 765 2317 viri
785 2280 890 2317 docti
911 2280 1042 2327 (Justii
1063 2279 1196 2328 Lipsii)
1216 2277 1418 2316 emendata
1442 2284 1480 2315 et
1500 2277 1617 2314 edita.

221 2343 427 2379 Accessere
448 2343 594 2392 imperii
626 2344 802 2389 Romani,
833 2345 1126 2392 Galliarumque
1155 2349 1195 2379 et
1226 2341 1498 2390 Hispaniarum
1519 2346 1621 2377 vete-

219 2418 302 2442 rum
325 2405 478 2451 tabutae,
513 2420 532 2444 e
553 2407 754 2444 conatibus
785 2407 1052 2457 geographicis
1075 2407 1171 2443 Abr.
1195 2405 1347 2442 Ortelii.
1409 2403 1622 2441 Summaria

221 2468 377 2519 iusuper
396 2469 549 2519 siugulis
570 2470 675 2507 libris
695 2471 865 2519 praelixa,
899 2477 935 2507 et
957 2470 1004 2506 ad
1029 2469 1234 2517 marginem
1256 2475 1357 2504 notae
1379 2480 1500 2503 rerum
1522 2465 1621 2503 iudi-

223 2543 300 2568 ces.
342 2531 518 2580 Lugduni
540 2534 624 2569 Bat.
648 2545 693 2569 ex
715 2533 815 2569 offic.
840 2533 1002 2570 Plautiu.
1037 2531 1142 2581 apud
1165 2532 1226 2568 Fr.
1248 2529 1623 2580 Raphe‘lengium.—-

224 2594 354 2632 Editio
375 2602 559 2644 praestans
580 2603 618 2633 et
639 2596 770 2633 nitida.

175 2662 273 2702 1595
304 2658 587 2709 Heidelbergae.
619 2665 682 2697 24.
703 2659 809 2709 apud
831 2659 989 2696 Hieron.
1011 2657 1239 2695 Commelin.

172 2741 224 2749 -—
252 2722 495 2772 Antwerpiae.
528 2729 564 2761 S.
585 2722 689 2773 apud
712 2722 917 2760 Martinam
938 2721 1115 2759 Nutium.
