1872 3104
732 150 988 181 Βριετοωι.
1481 141 1596 184 2019

140 255 184 294 et
218 253 394 303 ingenue
425 248 604 288 fatemur
629 258 710 285 nos
736 256 788 286 ea
814 245 995 295 nescire,
1022 243 1140 298 quod
1161 248 1255 286 tam
1277 245 1401 287 salvo
1431 247 1595 299 pudore

140 323 283 361 facere
303 327 548 371 possumus,
569 325 701 368 quam
721 312 990 366 impudenter
1009 312 1130 353 multi
1151 325 1199 354 se
1214 324 1267 352 ea
1282 313 1393 353 scire
1413 315 1596 366 professi

140 393 253 436 sunt,
275 387 318 426 in
338 396 426 437 quo
448 382 648 436 exemplo
666 381 922 422 temeritatis
943 380 1106 435 primas
1133 384 1249 423 oenet
1270 379 1596 423 Bekkeselenus

139 467 239 496 cum
251 465 331 494 suo
343 451 647 501 Teutonismo,
662 460 719 492 ex
734 461 821 504 quo
841 448 1148 492 Hebrai'smum
1162 448 1291 490 etiam
1304 453 1595 504 propagatum

137 534 230 564 esse-
245 521 375 576 jurat.
406 519 512 568 Ἀλῖς
532 516 647 575 ὃςυός.

633 1020 647 1041 3
653 1018 721 1044 1301*
727 1019 811 1044 1‘rvR
839 1019 920 1043 ILLE
925 1016 1101 1042 s'rmssnn

393 1165 691 1215 JOSEPHI
719 1162 909 1215 JUSTI
938 1162 1343 1225 SCALIGERI,

693 1291 791 1324 JUL.
815 1290 916 1323 CAES.
941 1290 1029 1323 FIL.

522 1422 594 1460 AD
628 1419 1003 1459 CLARISSIMUM
1031 1421 1225 1467 VlRUM,

308 1552 607 1603 PAULUM
637 1552 708 1600 G.
741 1551 801 1599 F.
834 1550 899 1599 P.
931 1551 1003 1599 N.
1036 1550 1430 1614 MERULAM‚

564 1682 623 1739 E
642 1681 697 1738 P
719 1682 752 1738 I
770 1681 811 1739 S
835 1682 891 1738 T
911 1680 971 1739 O
999 1681 1056 1737 L
1073 1681 1135 1739 A
1160 1697 1176 1738 ε

138 1830 368 1872 ‘EJUSDEM
393 1836 495 1869 CUM
517 1835 788 1869 SUPERIORE
811 1834 1047 1868 DIATRIBA
1070 1833 1137 1867 DE
1161 1832 1350 1866 GALLIAE
1375 1830 1579 1865 NOTITIA

714 1898 1020 1932 ARGUMENTI.

142 2065 204 2122 T
261 2080 723 2137 mmrommstupenae
762 2082 920 2124 dicitur
960 2083 1003 2123 in
1043 2081 1262 2123 veteribus
1305 2079 1600 2122 monumentis

137 2151 287 2205 Pagus
310 2150 583 2192 Alnisiensis.
646 2151 793 2193 Hodie
814 2149 850 2192 le
868 2164 970 2207 pays
995 2148 1208 2191 d’Anlnis.
1269 2148 1600 2190 Accensebatur

137 2218 445 2260 Seneschalliae
470 2219 724 2260 Santonum.
784 2219 873 2260 Sed
892 2232 949 2260 ex
972 2232 1059 2273 quo
1079 2218 1269 2272 Rupella
1289 2229 1479 2258 excusso
1493 2218 1600 2271 jugo

137 2286 376 2340 Anglonlm
397 2286 562 2327 dedidit
583 2300 629 2327 se
650 2286 761 2339 Regi
783 2287 998 2337 Franciae‚
1021 2299 1160 2341 pagus
1185 2285 1448 2326 Alnisiensis
1470 2283 1601 2324 cessit

138 2354 182 2394 in
205 2353 423 2408 privatam
440 2355 755 2407 praefecturam,
772 2360 813 2397 et
830 2369 856 2397 a
878 2356 1088 2396 Santonio
1104 2355 1302 2395 seclusus
1323 2356 1403 2393 est.
1442 2351 1600 2403 Neque

135 2422 211 2462 ulli
233 2434 446 2475 supremae
470 2420 613 2463 Curiae
635 2426 777 2476 potest
797 2423 998 2463 subditus
1032 2434 1144 2471 esse,
1167 2424 1455 2474 praeterquam
1477 2416 1601 2458 Pari-

137 2489 280 2530 siensi.
341 2489 395 2528 Id
417 2489 531 2528 enim
550 2490 659 2530 inter
681 2491 825 2543 capita
837 2502 986 2530 eorum
1003 2489 1325 2542 privilegiorum
1342 2485 1598 2526 continetur.

197 2555 258 2596 Le
294 2570 394 2611 pays
437 2562 546 2596 entre
585 2555 689 2596 deux
733 2571 846 2598 mers,
928 2556 1250 2607 pinguissimus
1289 2556 1452 2594 tractus
1492 2551 1600 2592 inter

140 2623 410 2666 Garumnam
430 2628 471 2665 et
494 2624 733 2664 Duranium
754 2625 946 2677 ingentes
967 2623 1142 2673 fluvios,
1166 2622 1242 2675 qui
1271 2623 1448 2674 propter
1476 2631 1599 2672 mag·

136 2691 371 2733 nitudinem
390 2694 601 2735 vocantur
620 2692 761 2733 maria.
780 2693 835 2733 ab
856 2690 1025 2731 incolis.
