1872 3104
604 208 641 236 c.
673 207 708 235 J.
741 203 958 233 cAESAms
991 203 1124 232 vrrA.
1486 195 1598 236 1909

138 306 201 343 τὸν
220 310 282 342 τοῦ
303 303 493 347 Μόλωνος,
514 299 555 338 οὗ
575 301 633 336 καὶ
655 299 819 346 Κικέρων
838 301 1005 347 ἠκροᾶτο,
1029 296 1302 347 σοφιστεύοντος
1320 298 1513 344 ἐπιφανῶς,
1536 316 1581 337 κα

139 371 202 407 τὸν
222 371 353 417 τρόπον
386 365 590 403 ἐπιεικοῦςῗ·
624 361 723 400 εἶναι
757 361 956 400 δοκοῦντος.
1015 361 1185 409 Λέγεται
1219 359 1259 398 δὲ
1290 362 1348 397 καὶ
1377 365 1488 412 φῦναι
1514 365 1599 411 πρὸς

140 435 274 480 λόγους
295 427 498 468 πολιτικοὺς
529 429 548 465 ὁ
574 428 726 476 Καῖσαρ
747 428 893 475 ἄριστα,
925 429 982 464 καὶ
1003 425 1227 469 διαπονῆσαι
1247 426 1513 476 φιλοτιμότατα
1533 429 1598 471 τὴν

139 496 258 547 φύσιν,
280 497 324 531 ὡς
343 496 388 531 τὰ
409 492 599 542 δευτερεῖα
633 492 701 541 μὲν
734 489 910 540 ἀδηρίτως
930 492 1048 542 ἔχειν,
1082 490 1122 527 τὸ
1153 489 1192 527 δὲ
1221 495 1412 538 πρωτεῖον,
1442 488 1535 526 ὅπως
1556 497 1598 544 τῇ

140 559 295 607 δυνάμει
309 558 366 593 καὶ
388 561 459 593 τοῖς
480 556 608 593 ὅπλοις
623 562 761 604 πρῶτος
775 556 833 600 εἴη
847 558 1013 603 μᾶλλον,
1030 555 1180 592 ἄλλοις3
1197 554 1424 604 ἀσχοληθεὶς
1439 553 1598 602 ὑφεῖναι,

139 621 223 670 πρὸς
237 621 324 670 ὅπερ
335 620 467 671 ἡφύσις
487 621 672 671 ὑφηγεῖτο·
695 626 755 663 τῆς
770 621 810 656 ἑν
821 623 867 671 τῷ
877 623 1006 667 λέγειν
1021 618 1234 664 δεινότητος,
1248 618 1316 655 ὑπὸ
1332 623 1530 665 στρατειῶν
1543 617 1601 652 καὶ

138 687 338 728 πολιτείας,
358 683 384 739 ᾖ
404 686 650 728 κατεκτήσατο
669 686 735 728 τὴν
754 686 971 734 ἡγεμονίαν,
992 685 1055 720 οὒκ
1079 683 1293 731 ἐξικόμενος.
1349 680 1469 718 Αὐτὸς
1488 678 1516 716 δ’
1536 677 1602 716 οὖν

139 747 290 798 ὕστερον
310 750 351 786 ἐν
372 752 414 801 τῇ
435 749 520 798 πρὸς
555 747 745 795 Κικέρωνα
771 749 853 796 περὶ
880 747 1053 784 Κάτωνος
1086 743 1325 797 ἀντιγραφῇ*
1354 749 1600 793 παραιτεῖται,

137 817 188 863 μὴ
222 817 476 862 στρατιωτικοῦ
508 815 625 860 λόγον
655 810 784 860 ἀνδρὸς
812 812 1070 857 ἇντεξετάέειν
1103 810 1187 859 πρὸς
1230 808 1422 853 δεινότητα
1456 809 1600 856 ῥήτορος

139 878 300 928 εὐφυοῦς,
323 879 382 914 καὶ
403 880 549 927 σχολὴν
569 878 628 913 ἐπὶ
648 881 752 913 τοῦτο
773 878 918 920 πολλὴν
947 877 1117 923 ἄγοντος.

724 1086 760 1128 C
776 1085 816 1127 A
833 1086 884 1128 P.
937 1085 1020 1127 IV.

142 1178 282 1210 Romam
311 1177 417 1208 redux
445 1178 661 1209 Dolabellam
699 1176 966 1218 repetundarum
994 1180 1144 1213 accusat,
1172 1178 1243 1205 tum
1270 1174 1303 1204 in
1330 1172 1534 1204 Macedonia
1560 1172 1602 1204 P.

184 1231 373 1262 Antonium
389 1231 629 1272 corruptionis.
674 1231 777 1262 Vario
792 1230 891 1262 modo
907 1239 1056 1261 amorem
1072 1229 1195 1260 civium
1213 1228 1276 1258 sibi
1294 1227 1465 1259 conciliat.
1511 1226 1607 1257 Cice·

188 1283 279 1315 ronis
297 1283 339 1315 de
356 1293 395 1314 eo
412 1283 556 1316 dictum.

197 1377 463 1414 Ἐπανελθὼνι
501 1375 529 1413 δ’
561 1378 611 1414 εἷς
636 1377 793 1426 Ῥώμην,
814 1374 1093 1423 Δολοβέλλαν2
1126 1375 1244 1420 ἔκρινε
1277 1373 1466 1410 κακώσεως
1495 1372 1606 1420 ermp-

808 1470 948 1502 NOTAE

145 1543 221 1573 lone
239 1552 316 1573 usus
333 1547 386 1574 est
402 1548 626 1584 praeceptore,
641 1553 716 1574 cum
733 1543 849 1574 Romae

145 1593 276 1633 legatus
294 1597 385 1624 esset
402 1594 620 1625 Rhodiorum.
661 1595 731 1626 Cic.
750 1595 851 1625 Brut.

148 1653 177 1675 c.
196 1646 248 1674 89.
264 1646 318 1674 90.

191 1696 210 1724 2
240 1693 422 1734 Ἐπιεικοῦς]
457 1693 674 1734 Apollonium
704 1693 851 1725 Alaban-

149 1742 287 1774 densem
314 1744 435 1775 Cicero
459 1743 500 1775 de
529 1744 628 1776 Orat.
654 1753 679 1775 1.
707 1747 760 1775 28.
789 1744 851 1776 hoc

150 1793 286 1824 nomine
313 1792 440 1833 laudat,
469 1793 570 1835 quod,
592 1804 668 1825 cnm
692 1794 852 1826 mercede

151 1843 304 1884 doceret,
332 1848 445 1875 tamen
474 1853 539 1875 non
570 1848 746 1885 pateretur
783 1854 853 1884 eos,

151 1903 234 1935 quos
243 1893 418 1934 judicaret
430 1904 495 1925 non
509 1905 606 1935 posse
615 1900 766 1926 oratores
777 1904 852 1926 eva-

150 1942 245 1982 dere,
262 1953 398 1983 operam
417 1944 507 1985 apud
530 1954 604 1976 sese
628 1945 786 1985 perdere,
802 1945 852 1976 di-

151 1994 384 2035 mitteretque,
415 2000 451 2026 et
481 1995 522 2026 ad
553 2005 652 2036 quam
685 2005 854 2037 quemque

150 2048 259 2074 artem
288 2049 423 2084 putaret
453 2054 525 2075 esse
553 2050 684 2085 aptum,
711 2045 754 2076 ad
781 2055 853 2076 eam

152 2093 327 2134 impellere
343 2098 444 2136 atque
457 2095 588 2125 hortari
609 2096 746 2126 soleret.

196 2146 215 2174 3
232 2142 376 2184 Ἀλλοις]
402 2144 478 2176 Hoc
504 2155 689 2185 pronomen
704 2146 855 2187 (generis

154 2193 312 2235 mascul.)
349 2194 446 2226 dedit
483 2195 611 2226 Reiske
638 2205 680 2227 ex
712 2196 856 2237 conject.

154 2245 295 2286 Bryani,
323 2255 385 2285 pro
411 2245 552 2286 vulgato
575 2245 668 2284 ἆλλ’;
704 2256 779 2277 cum
807 2247 856 2278 sic

153 2295 249 2326 locus
277 2295 331 2326 hic
367 2295 475 2336 possit
511 2296 701 2327 tolerabilis
736 2297 857 2328 videri.

156 2346 299 2377 Restare
329 2349 444 2378 tamen
474 2345 755 2387 offensiunculas3
791 2358 857 2380 non

155 2395 224 2427 dici
241 2396 359 2436 ὑφεῖναί
372 2409 404 2427 ’τι
419 2397 477 2428 sed
493 2409 594 2436 τινος;
618 2398 724 2439 igitur
743 2399 858 2440 legen-

157 2446 238 2477 dum
264 2456 339 2478 esse
365 2447 497 2487 ἀφεῖναι.
543 2449 748 2480 Concinnius
767 2450 860 2481 deni-

157 2506 224 2538 que
247 2498 352 2528 verba
373 2499 420 2528 sic
443 2504 550 2530 stare:
575 2499 613 2529 τὸ
640 2498 673 2529 δὲ
698 2502 858 2540 πρωτεῖον,

155 2545 230 2586 πρὸς
244 2546 318 2587 ὅπερ
331 2546 349 2584 ἡ
365 2546 456 2586 φύσις
471 2548 632 2589 ὑφηγεῖτο,
648 2549 728 2580 ὅπως
741 2551 781 2591 τῇ
796 2552 859 2581 δυν.

157 2597 207 2628 καὶ
223 2609 253 2628 τ.
271 2597 297 2628 ὅ.
313 2609 362 2638 πρ.
379 2597 424 2635 εἵη
439 2599 576 2639 μᾶλλον,
588 2599 699 2631 ἂλλοΐς
722 2601 862 2640 ἀσχολη-

158 2647 219 2679 θεὶς
247 2647 378 2688 ἀφεῖναι.
438 2649 523 2680 Mihi
554 2650 775 2680 verosimilior
809 2655 863 2682 est

157 2698 357 2739 conjectura
389 2698 434 2731 H.
458 2699 620 2739 Stephani
643 2700 744 2735 (alias
771 2700 862 2730 enim

158 2751 311 2792 aliorum,
337 2751 514 2783 brevitatis
541 2753 654 2785 studio
675 2751 790 2794 taceo)
807 2762 862 2783 ro-

904 1551 978 1573 cem
994 1542 1067 1572 ἆλλ’
1084 1551 1125 1572 ex
1143 1540 1258 1580 primis
1273 1538 1383 1570 literis
1409 1538 1502 1568 vocis
1520 1546 1607 1578 prae-

903 1592 1057 1623 cedentis
1073 1588 1309 1631 im'prudenter
1334 1589 1515 1629 repetitam
1529 1596 1608 1618 cen-

903 1643 1028 1681 senti‘53
1067 1647 1099 1673 et
1125 1641 1247 1673 verba:
1281 1639 1356 1680 πρὸς
1377 1639 1450 1679 ὅπερ
1470 1639 1489 1676 ἡ
1516 1637 1607 1678 φύσις

905 1693 1053 1732 ὑφηγεῖτο
1077 1702 1152 1723 cum
1181 1691 1402 1732 sequentibus
1420 1689 1609 1730 jungentis.

905 1744 993 1774 Tum
1010 1744 1037 1774 si
1065 1753 1141 1774 cum
1165 1742 1249 1774 Cod.
1274 1742 1386 1773 Anon.
1409 1740 1534 1781 legeris
1548 1741 1610 1770 τῶν

906 1792 939 1824 δὲ
964 1792 1129 1834 πρωτείων,
1159 1793 1249 1834 quod
1278 1793 1427 1832 vulgatae
1456 1788 1611 1831 praefero,

908 1844 1092 1875 vertendus
1104 1847 1156 1874 est
1171 1844 1283 1873 locus:
1301 1842 1410 1883 primo
1428 1851 1509 1872 vero
1525 1841 1611 1881 loco,

906 1894 1014 1934 magis
1025 1898 1228 1934 occupatus,
1243 1896 1280 1923 ut
1292 1891 1448 1932 potentia
1459 1895 1495 1922 et
1507 1892 1610 1921 armis

907 1944 1137 1985 principatum
1155 1942 1337 1981 obtineret,
1361 1942 1479 1979 cessit;
1509 1950 1611 1982 prop-

907 2000 960 2026 ter
973 1993 1210 2034 expeditiones
1224 1992 1364 2024 bellicas
1377 1996 1445 2022 etc.
1461 1991 1503 2022 ad
1517 1991 1612 2022 illum

907 2056 1013 2087 usque
1040 2045 1180 2086 gradum
1208 2044 1429 2085 eloquentiae,
1454 2043 1497 2073 ad
1513 2052 1613 2084 quem

907 2103 1037 2127 naturae
1062 2095 1238 2127 inclinatio
1262 2104 1337 2124 eum
1363 2093 1520 2131 ducebat,
1546 2102 1614 2123 non

908 2146 1123 2189 perveniens.
1164 2147 1222 2177 De
1245 2145 1319 2185 ejus
1343 2144 1540 2186 eloquentia
1565 2141 1613 2174 cf.

909 2199 1007 2228 Suet.
1024 2196 1095 2228 Jul.
1113 2206 1142 2227 c.
1159 2199 1213 2226 55.

952 2251 972 2279 4
1015 2246 1220 2288 Ἀντιγραφῇ]
1264 2246 1482 2278 Anticatonem
1519 2245 1615 2277 dicit.

910 2298 988 2330 vid.
1003 2308 1033 2329 e.
1050 2301 1104 2330 54.

955 2402 972 2430 1
995 2397 1205 2438 Ἐπανελθὼν]
1242 2398 1327 2428 Post
1340 2397 1443 2438 Syllae
1458 2399 1615 2434 mortem,

913 2450 941 2481 si
955 2450 1153 2481 Suetonium
1170 2449 1352 2490 sequimur.

956 2504 975 2532 2
999 2500 1138 2541 Δολοβ.]
1183 2500 1239 2531 Sic
1265 2500 1377 2530 solent
1399 2497 1527 2537 Graeci,
1551 2497 1617 2528 Ro-

913 2553 1004 2583 mani
1029 2552 1204 2584 Dolabella.
1265 2551 1329 2581 Cn.
1356 2548 1488 2580 Cornel.
1512 2547 1618 2579 Dola-

914 2602 1004 2632 bella
1020 2602 1144 2633 Consul
1159 2601 1226 2632 fuit
1252 2611 1282 2631 a.
1298 2601 1377 2631 Chr.
1406 2608 1438 2629 n.
1463 2601 1516 2630 81.
1543 2602 1617 2629 tum

916 2652 1104 2682 Proconsul
1132 2651 1165 2681 in
1197 2650 1400 2681 Macedonia
1426 2649 1486 2690 (ad
1517 2657 1617 2689 quam

917 2702 1098 2732 Romanor.
1116 2701 1324 2742 provinciam
1338 2700 1438 2731 etiam
1450 2698 1621 2730 Thessalia

918 2757 953 2782 et
975 2751 1100 2793 Epirus
1128 2750 1376 2792 pertinebant),
1404 2749 1493 2781 unde
1522 2750 1624 2781 Thra-
