1872 3104
277 188 389 231 1902
831 201 880 232 n.
913 201 1180 233 nonwnmn

273 306 391 345 porro
422 293 474 332 ait
493 295 755 333 centurionem
772 296 936 334 Caesaris
955 306 1121 334 xxxvl.
1146 297 1254 334 annis
1274 310 1346 348 pro
1365 297 1528 337 Caesaris
1548 297 1733 350 dignitate

271 359 511 409 victoriaque
542 359 799 410 depugnasse,
827 361 879 398 ita
907 362 1109 399 manifesto
1137 361 1273 399 salsum
1308 370 1378 407 est,
1409 369 1451 400 ut
1484 373 1584 413 aegre
1613 363 1730 402 scribi

273 423 441 473 potuerit
465 435 487 459 a
508 435 652 461 coaevO.
710 424 973 462 Detrahantur
993 438 1014 462 a
1035 425 1223 474 praedicto
1250 425 1487 464 confusionis
1517 440 1618 464 anno
1638 433 1731 471 708.

273 487 364 524 anni
383 485 448 524 36.
471 485 639 535 reliquus
673 487 744 524 erit
773 500 895 525 annus
921 489 970 526 U.
999 489 1046 526 C.
1068 490 1234 526 Varrou.
1255 488 1347 531 672.
1378 503 1456 540 quo
1491 491 1565 528 sub
1583 491 1733 529 Caesare

274 550 406 589 mereri
425 549 601 598 coeperit.
641 551 761 599 Atqui
774 558 920 589 certum
934 559 992 589 est
1005 552 1165 601 primam
1184 553 1346 590 Caesaris
1363 555 1600 603 provinciam
1620 554 1735 592 fuisse

274 629 321 651 ex
360 618 540 662 praetura,
579 626 679 651 anno
713 616 874 654 Varron.
923 616 1016 661 692.
1081 618 1218 656 Doluit
1255 626 1443 667 praeterea
1480 619 1610 656 Caesar
1642 626 1736 657 teste

275 676 458 714 Suetonio
488 689 521 713 c.
543 682 580 719 7.
605 678 710 726 quod
745 680 838 716 nihil
865 680 959 718 dum
997 694 1021 718 a
1052 693 1091 718 se
1122 682 1368 719 memorabile
1398 689 1546 732 gestum
1579 689 1677 720 esset
1697 683 1735 720 in

275 747 401 785 aetate,
424 752 498 790 qua
527 740 610 789 jam
643 741 862 779 Alexander
889 744 1019 781 orbem
1051 750 1236 782 terrarum
1266 746 1491 795 subegisset.
1548 747 1653 785 AEtas
1673 747 1736 784 illa

274 811 357 842 erat
375 817 460 842 ann.
483 809 546 842 33.
569 811 609 842 ut
627 813 769 854 praeter
787 806 880 843 alios
901 805 1016 844 docet
1041 807 1155 844 etiam
1174 808 1313 845 Cicero
1334 809 1504 860 Philipp.
1526 820 1569 847 v.
1608 810 1734 848 Natus

273 874 330 906 est
350 868 478 905 Caesar
499 879 557 905 lv.
576 867 632 905 ld.
656 869 820 912 Quintil.
839 883 926 907 ann.
942 870 1050 906 Varr.
1071 869 1163 908 654.
1193 870 1256 908 Sic
1277 883 1420 909 anuum
1440 878 1505 910 33.
1526 873 1737 911 absolverit

273 945 374 969 anno
396 931 551 968 demum
572 933 679 970 Varr.
700 932 792 974 687.
816 933 970 970 ineunte
999 933 1174 978 Quintili,
1198 934 1303 970 annis
1323 942 1411 984 post
1440 936 1617 984 praedict.
1641 936 1734 980 672.

275 995 510 1045 quindecim.
571 996 613 1032 ln
648 996 720 1034 hoc
740 1003 869 1034 tamen
902 1009 1060 1034 numero
1081 997 1326 1034 consentiunt
1358 997 1546 1035 editiones
1564 999 1736 1049 exscrip—

275 1069 466 1109 toresqne,
497 1060 697 1109 inquibus
726 1067 764 1098 et
791 1066 933 1105 noster,
963 1073 1011 1097 ne
1041 1060 1276 1106 dubitemus,
1305 1061 1354 1098 ab
1383 1061 1655 1111 interpolatore
1685 1063 1738 1101 ita

274 1123 458 1173 scriptum
480 1136 577 1160 esse.
635 1123 711 1161 Hic
733 1124 830 1161 idem
853 1124 949 1161 liber
971 1124 1022 1167 Q.
1043 1123 1193 1173 Ligario
1228 1124 1343 1162 vitam
1364 1124 1403 1162 in
1425 1125 1554 1163 Africa
1577 1139 1735 1164 conces-

275 1200 355 1225 sam
395 1201 475 1225 esse
506 1194 647 1233 narrat,
681 1200 769 1238 cap.
792 1194 855 1233 89.
915 1187 1030 1232 Quod
1067 1194 1196 1225 tamen
1228 1189 1435 1227 certissime
1465 1189 1602 1227 falsum
1641 1204 1735 1237 esse,

274 1257 426 1289 constat
454 1266 498 1289 ex
529 1253 666 1302 insigni
696 1253 906 1298 Ciceronis,
941 1259 1031 1302 post
1058 1251 1223 1290 reditum
1254 1253 1428 1298 Caesaris,
1465 1254 1636 1291 oratione
1665 1267 1737 1304 pro

272 1315 442 1364 Ligario.
495 1316 628 1354 Coaevi
650 1316 848 1366 scriptoris
870 1322 947 1353 tam
965 1328 1116 1352 crassus
1131 1328 1237 1352 error
1257 1329 1337 1353 esse
1359 1317 1422 1353 vix
1442 1317 1584 1366 potuit.
1621 1318 1669 1355 Et
1692 1319 1736 1356 L.

275 1379 420 1417 Caesari
439 1380 554 1417 vitam
575 1394 596 1417 a
617 1381 734 1425 Julio,
754 1379 942 1430 facileque
958 1392 1178 1417 concessam
1195 1379 1275 1417 vult
1295 1387 1431 1418 auctor
1447 1381 1534 1418 belli
1551 1381 1737 1420 Africani.

276 1445 423 1482 Contra
444 1444 519 1481 Dio
541 1445 608 1482 lib.
631 1456 771 1482 xL111.
792 1450 926 1481 contra
959 1442 1167 1480 Suetonius
1187 1443 1286 1480 Caes.
1307 1456 1392 1493 cap.
1424 1449 1488 1486 75.
1518 1452 1654 1482 contra
1675 1459 1740 1483 co·

276 1521 380 1546 aevus
403 1508 554 1545 Cicero.
615 1509 733 1546 Mitto
761 1522 854 1554 rem,
875 1520 993 1558 quani
1027 1514 1160 1545 auctor
1188 1507 1268 1557 ipse
1295 1508 1561 1546 incredibilem
1581 1509 1737 1556 fatetur,

275 1573 326 1610 ab
360 1572 556 1623 equitibus
577 1573 739 1611 Caesaris
768 1584 881 1609 xxx.
904 1572 1028 1610 Gallis
1060 1572 1285 1609 Maurorum
1318 1573 1491 1622 equitum
1513 1573 1591 1610 duo
1621 1574 1739 1611 millia

276 1636 365 1674 loco
400 1650 482 1674 esse
523 1638 645 1687 pulsa.
704 1637 820 1675 Mitto
851 1636 1165 1686 provocationem
1198 1637 1430 1674 centurionis
1465 1637 1655 1687 praedicti,
1696 1645 1738 1675 ut

276 1714 366 1738 cum
406 1701 482 1738 suis
511 1700 646 1738 decem
686 1713 775 1738 cum
811 1701 971 1738 cohorte
1006 1699 1192 1748 Scipionis
1225 1699 1440 1737 firmissima
1477 1708 1736 1738 concurreret.

276 1765 374 1802 Haec
408 1765 522 1815 plane
557 1764 815 1802 tabulatorum
836 1763 988 1813 genium
1020 1762 1175 1811 sapiunt
1202 1762 1330 1812 potius
1351 1776 1465 1812 quam
1487 1763 1738 1813 prudentissi-

273 1842 440 1873 morum,
460 1829 600 1879 quibus
623 1828 806 1865 saeculum
829 1827 922 1864 illud
944 1826 1214 1876 politissimum
1233 1827 1473 1873 abundabat,
1491 1828 1738 1877 scriptorum.

277 1894 367 1930 Huc
388 1894 502 1930 etiam
526 1892 619 1929 illud
642 1891 767 1930 refero
797 1904 883 1941 cap.
906 1897 969 1936 70.
993 1891 1098 1941 quod
1120 1892 1229 1937 dicit,
1251 1892 1414 1929 Caesaris
1431 1892 1460 1929 si
1479 1905 1556 1928 non
1574 1892 1737 1942 amplius

276 1961 352 1992 tres
387 1963 453 1993 aut
475 1963 640 2005 quatuor
677 1955 811 1992 milites
841 1955 1009 1992 veterani
1040 1968 1080 1991 se
1108 1955 1394 2000 convertissent,
1422 1962 1460 1993 et
1489 1955 1563 2005 pila
1595 1944 1739 1993 viribus

275 2025 452 2057 contorta
491 2021 526 2056 in
575 2018 762 2056 Numidas
801 2018 955 2056 infestos
993 2019 1261 2067 conjecissent,
1301 2020 1465 2069 amplius
1506 2030 1556 2057 11.
1578 2019 1737 2056 millium

276 2095 436 2121 numero
469 2085 516 2121 ad
541 2097 658 2121 uuum
681 2090 787 2133 terga
817 2083 988 2121 vertisse.
1047 2085 1147 2120 Sunt
1166 2084 1279 2120 etiam
1313 2084 1347 2120 in
1369 2083 1539 2121 dictione
1561 2083 1738 2133 plurima,

277 2161 366 2197 quae
401 2162 512 2186 nemo
548 2149 692 2198 peritus
723 2149 853 2186 harum
876 2161 1000 2185 rerum
1028 2161 1162 2186 censor
1190 2148 1238 2185 ad
1261 2148 1424 2185 Caesaris
1457 2155 1610 2185 aetatem
1636 2155 1739 2185 retu-

276 2211 386 2251 lerit:
428 2226 515 2262 cap.
551 2219 608 2251 1¹2.
629 2212 792 2263 galeati.
834 2213 922 2249 Nou
945 2224 1002 2249 me
1024 2211 1119 2261 fugit
1141 2212 1245 2256 illud,
1267 2211 1332 2249 sed
1361 2216 1513 2261 poetae:
1539 2212 1739 2262 galeatum

277 2287 361 2312 sero
395 2276 516 2314 duelli
540 2278 718 2327 poenitci.
790 2278 829 2314 S.
855 2276 1078 2326 Hieronymi
1110 2277 1295 2324 Prologus
1324 2276 1497 2325 galeatus
1528 2275 1646 2311 serior
1665 2280 1737 2311 cst.

278 2340 379 2390 Cap.
401 2345 465 2378 31.
496 2342 633 2391 ignota
664 2348 824 2389 peccata
853 2340 1025 2390 legimus,
1056 2340 1194 2389 quibus
1213 2339 1497 2390 ignoscebatur.
1555 2339 1651 2388 (Tap.
1676 2345 1737 2383 19.

277 2405 583 2442 innumerabiIis.
644 2406 739 2453 (sap.
771 2404 835 2442 46.
857 2403 1122 2441 cruciabiliter
1156 2403 1363 2453 intetj‘eclI.
1413 2402 1628 2439 Pari-ulam
1649 2414 1736 2439 cau-

277 2467 400 2506 sulum
419 2481 502 2516 cap.
527 2474 589 2506 54.
631 2469 804 2505 Parvum
823 2473 1037 2505 senatorem
1056 2480 1142 2517 cap.
1161 2473 1224 2511 57.
1276 2467 1442 2517 ..Magnis
1462 2468 1582 2516 copiis
1595 2465 1736 2502 auxili-

277 2533 382 2582 isque
412 2534 519 2583 regis
548 2532 713 2582 prcedili
747 2546 834 2582 cap.
870 2539 932 2569 55.
984 2531 1189 2582 Suppetias
1222 2544 1419 2568 occurrere
1457 2543 1544 2579 cap.
1573 2526 1636 2565 (36.
1669 2526 1735 2567 68.

280 2595 378 2644 cap.
401 2602 464 2639 77.
481 2601 718 2633 commeatus.
763 2598 847 2633 Nou
869 2610 890 2633 α
912 2597 1050 2633 castris
1071 2602 1209 2640 tamen,
1228 2595 1293 2632 sed
1317 2594 1368 2633 ad
1388 2598 1530 2631 castra.
1564 2594 1734 2640 Cap.78.

279 2662 323 2694 ul
353 2658 534 2697 haberent
557 2661 795 2710 facultatem
829 2666 976 2698 turmas
996 2660 1178 2698 ‚Iulianas
1209 2656 1526 2707 circumfundere.
1586 2656 1735 2692 lbidem

279 2725 468 2771 satagere,
481 2736 549 2772 pro
568 2724 698 2773 praelio
717 2725 905 2762 laborare.
939 2726 1038 2773 Cap.
1057 2731 1119 2763 88.
1134 2729 1293 2761 mentem
1309 2723 1350 2759 in
1360 2721 1468 2771 suga
1489 2719 1734 2759 destinatam.
