<?xml version="1.0" encoding="UTF-8"?>
<!DOCTYPE html PUBLIC "-//W3C//DTD XHTML 1.0 Transitional//EN"
    "http://www.w3.org/TR/xhtml1/DTD/xhtml1-transitional.dtd">
<html xmlns="http://www.w3.org/1999/xhtml" xml:lang="en" lang="en">
 <head>
  <title>
</title>
<meta http-equiv="Content-Type" content="text/html;charset=utf-8" />
  <meta name='ocr-system' content='tesseract 3.04.00' />
  <meta name='ocr-capabilities' content='ocr_page ocr_carea ocr_par ocr_line ocrx_word'/>
</head>
<body>
  <div class='ocr_page' id='page_1' title='image "./operaomniaexedit05caesuoft/operaomniaexedit05caesuoft_0115.png"; bbox 0 0 1872 3104; ppageno 0'>
   <div class='ocr_carea' id='block_1_1' title="bbox 593 159 1581 202">
    <p class='ocr_par' dir='ltr' id='par_1_1' title="bbox 593 159 1581 202">
     <span class='ocr_line' id='line_1_1' title="bbox 593 159 1581 202; baseline 0.004 -5"><span class='ocrx_word' id='word_1_1' title='bbox 593 169 636 198; x_wconf 90' lang='lat' dir='ltr'>c.</span> <span class='ocrx_word' id='word_1_2' title='bbox 666 168 705 197; x_wconf 77' lang='lat' dir='ltr'>J.</span> <span class='ocrx_word' id='word_1_3' title='bbox 739 165 955 196; x_wconf 76' lang='lat' dir='ltr'>cAESAms</span> <span class='ocrx_word' id='word_1_4' title='bbox 991 166 1122 195; x_wconf 72' lang='grc' dir='ltr'>νιτΑ.</span> <span class='ocrx_word' id='word_1_5' title='bbox 1466 159 1581 202; x_wconf 81' lang='grc'><strong>1993</strong></span> 
     </span>
    </p>
   </div>
   <div class='ocr_carea' id='block_1_2' title="bbox 123 257 1580 376">
    <p class='ocr_par' dir='ltr' id='par_1_2' title="bbox 123 257 1580 376">
     <span class='ocr_line' id='line_1_2' title="bbox 124 257 1578 314; baseline -0.005 -13"><span class='ocrx_word' id='word_1_6' title='bbox 124 269 242 302; x_wconf 81' lang='grc' dir='ltr'>νέναι.</span> <span class='ocrx_word' id='word_1_7' title='bbox 299 263 374 300; x_wconf 76' lang='grc' dir='ltr'>Καὶ</span> <span class='ocrx_word' id='word_1_8' title='bbox 395 263 466 309; x_wconf 74' lang='grc' dir='ltr'>γὰρ</span> <span class='ocrx_word' id='word_1_9' title='bbox 484 258 548 297; x_wconf 69' lang='grc' dir='ltr'>οὖν</span> <span class='ocrx_word' id='word_1_10' title='bbox 567 262 626 296; x_wconf 83' lang='grc' dir='ltr'>καὶ</span> <span class='ocrx_word' id='word_1_11' title='bbox 645 261 798 306; x_wconf 83' lang='grc' dir='ltr'>λέγεται</span> <span class='ocrx_word' id='word_1_12' title='bbox 818 259 997 303; x_wconf 76' lang='grc' dir='ltr'>Κάσσιος,</span> <span class='ocrx_word' id='word_1_13' title='bbox 1019 261 1069 296; x_wconf 81' lang='grc' dir='ltr'>εἷς</span> <span class='ocrx_word' id='word_1_14' title='bbox 1088 259 1152 296; x_wconf 75' lang='grc' dir='ltr'>τὸν</span> <span class='ocrx_word' id='word_1_15' title='bbox 1170 257 1372 306; x_wconf 65' lang='grc' dir='ltr'>ἀνδριάντα</span> <span class='ocrx_word' id='word_1_16' title='bbox 1393 268 1453 298; x_wconf 73' lang='grc' dir='ltr'>τοῦ</span> <span class='ocrx_word' id='word_1_17' title='bbox 1474 264 1578 314; x_wconf 79' lang='grc' dir='ltr'>Πομ-</span> 
     </span>
     <span class='ocr_line' id='line_1_3' title="bbox 123 321 1580 376; baseline 0 -16"><span class='ocrx_word' id='word_1_18' title='bbox 123 329 232 374; x_wconf 77' lang='grc' dir='ltr'>πηΐου</span> <span class='ocrx_word' id='word_1_19' title='bbox 248 326 314 374; x_wconf 78' lang='grc' dir='ltr'>πρὸ</span> <span class='ocrx_word' id='word_1_20' title='bbox 331 331 390 368; x_wconf 86' lang='grc' dir='ltr'>τῆς</span> <span class='ocrx_word' id='word_1_21' title='bbox 407 325 652 373; x_wconf 75' lang='grc' dir='ltr'>ἐγχειρήσεως</span> <span class='ocrx_word' id='word_1_22' title='bbox 667 321 906 370; x_wconf 77' lang='grc' dir='ltr'>ἀποβλέπων,</span> <span class='ocrx_word' id='word_1_23' title='bbox 925 324 1183 360; x_wconf 75' lang='grc' dir='ltr'>ἐπικαλεῖσθαι</span> <span class='ocrx_word' id='word_1_24' title='bbox 1211 328 1342 376; x_wconf 80' lang='grc' dir='ltr'>σιωπῇ,</span> <span class='ocrx_word' id='word_1_25' title='bbox 1370 331 1498 374; x_wconf 75' lang='grc' dir='ltr'>καίπερ</span> <span class='ocrx_word' id='word_1_26' title='bbox 1518 332 1580 366; x_wconf 68' lang='grc' dir='ltr'>οὐκ</span> 
     </span>
    </p>
   </div>
   <div class='ocr_carea' id='block_1_3' title="bbox 863 386 1579 435">
    <p class='ocr_par' dir='ltr' id='par_1_3' title="bbox 863 386 1579 435">
     <span class='ocr_line' id='line_1_4' title="bbox 863 386 1579 435; baseline 0.01 -14"><span class='ocrx_word' id='word_1_27' title='bbox 863 386 878 405; x_wconf 82' lang='lat'>⁴</span> <span class='ocrx_word' id='word_1_28' title='bbox 899 389 983 422; x_wconf 80' lang='grc' dir='ltr'>ἀλλ’</span> <span class='ocrx_word' id='word_1_29' title='bbox 1004 388 1021 422; x_wconf 75' lang='grc' dir='ltr'><strong>ὁ</strong></span> <span class='ocrx_word' id='word_1_30' title='bbox 1042 388 1172 434; x_wconf 76' lang='grc' dir='ltr'>καιρὸς,</span> <span class='ocrx_word' id='word_1_31' title='bbox 1195 390 1239 424; x_wconf 79' lang='grc' dir='ltr'>ὡς</span> <span class='ocrx_word' id='word_1_32' title='bbox 1260 390 1388 433; x_wconf 82' lang='grc' dir='ltr'>ἔοικεν,</span> <span class='ocrx_word' id='word_1_33' title='bbox 1421 390 1487 435; x_wconf 58' lang='grc' dir='ltr'>ἤδη</span> <span class='ocrx_word' id='word_1_34' title='bbox 1517 399 1579 428; x_wconf 87' lang='grc' dir='ltr'>τοῦ</span> 
     </span>
    </p>
   </div>
   <div class='ocr_carea' id='block_1_4' title="bbox 117 386 1584 1648">
    <p class='ocr_par' dir='ltr' id='par_1_4' title="bbox 117 386 1584 1648">
     <span class='ocr_line' id='line_1_5' title="bbox 123 386 857 440; baseline -0.011 -10"><span class='ocrx_word' id='word_1_35' title='bbox 123 393 312 440; x_wconf 78' lang='grc' dir='ltr'>ἀλλότριος</span> <span class='ocrx_word' id='word_1_36' title='bbox 330 387 381 425; x_wconf 77' lang='grc' dir='ltr'>ὧν</span> <span class='ocrx_word' id='word_1_37' title='bbox 402 394 472 424; x_wconf 81' lang='grc' dir='ltr'>τῶν</span> <span class='ocrx_word' id='word_1_38' title='bbox 493 386 702 435; x_wconf 75' lang='grc' dir='ltr'>Ἐπικούρου</span> <span class='ocrx_word' id='word_1_39' title='bbox 720 388 857 433; x_wconf 80' lang='grc' dir='ltr'>λόγων,</span> 
     </span>
     <span class='ocr_line' id='line_1_6' title="bbox 123 451 1582 502; baseline -0.001 -11"><span class='ocrx_word' id='word_1_40' title='bbox 123 454 243 492; x_wconf 77' lang='grc' dir='ltr'>δεινοῦ</span> <span class='ocrx_word' id='word_1_41' title='bbox 261 458 503 499; x_wconf 75' lang='grc' dir='ltr'>παρεστῶτος,</span> <span class='ocrx_word' id='word_1_42' title='bbox 527 451 799 499; x_wconf 77' lang='grc' dir='ltr'>ἐνθουσιασμὸν</span> <span class='ocrx_word' id='word_1_43' title='bbox 819 452 978 486; x_wconf 78' lang='grc' dir='ltr'>ἐνεποίει</span> <span class='ocrx_word' id='word_1_44' title='bbox 1010 452 1067 486; x_wconf 81' lang='grc' dir='ltr'>καὶ</span> <span class='ocrx_word' id='word_1_45' title='bbox 1091 454 1216 494; x_wconf 70' lang='grc' dir='ltr'>πάθος,</span> <span class='ocrx_word' id='word_1_46' title='bbox 1248 453 1329 488; x_wconf 76' lang='grc' dir='ltr'>ἀντὶ</span> <span class='ocrx_word' id='word_1_47' title='bbox 1357 460 1428 489; x_wconf 86' lang='grc' dir='ltr'>τῶν</span> <span class='ocrx_word' id='word_1_48' title='bbox 1457 460 1582 502; x_wconf 75' lang='grc' dir='ltr'>προτὲ·</span> 
     </span>
     <span class='ocr_line' id='line_1_7' title="bbox 121 512 1581 568; baseline 0.001 -15"><span class='ocrx_word' id='word_1_49' title='bbox 121 534 194 568; x_wconf 87' lang='grc' dir='ltr'>ρων</span> <span class='ocrx_word' id='word_1_50' title='bbox 213 520 418 564; x_wconf 83' lang='grc' dir='ltr'>λογισμῶν.</span> <span class='ocrx_word' id='word_1_51' title='bbox 474 514 677 551; x_wconf 81' lang='grc' dir='ltr'>Ἀντώνιον</span> <span class='ocrx_word' id='word_1_52' title='bbox 697 516 768 563; x_wconf 83' lang='grc' dir='ltr'>μὲν</span> <span class='ocrx_word' id='word_1_53' title='bbox 790 512 865 557; x_wconf 69' lang='grc' dir='ltr'>οὖν,</span> <span class='ocrx_word' id='word_1_54' title='bbox 889 515 1021 551; x_wconf 80' lang='grc' dir='ltr'>πιστὸν</span> <span class='ocrx_word' id='word_1_55' title='bbox 1054 516 1145 551; x_wconf 74' lang='grc' dir='ltr'>ὄντα</span> <span class='ocrx_word' id='word_1_56' title='bbox 1179 516 1342 564; x_wconf 69' lang='grc' dir='ltr'>Καίσαρι</span> <span class='ocrx_word' id='word_1_57' title='bbox 1373 519 1430 553; x_wconf 79' lang='grc' dir='ltr'>καὶ</span> <span class='ocrx_word' id='word_1_58' title='bbox 1457 519 1581 567; x_wconf 81' lang='grc' dir='ltr'>ῥωμα-</span> 
     </span>
     <span class='ocr_line' id='line_1_8' title="bbox 121 577 1580 631; baseline 0.001 -13"><span class='ocrx_word' id='word_1_59' title='bbox 121 585 222 624; x_wconf 79' lang='grc' dir='ltr'>λέον,</span> <span class='ocrx_word' id='word_1_60' title='bbox 245 582 309 625; x_wconf 72' lang='grc' dir='ltr'>ἔξω</span> <span class='ocrx_word' id='word_1_61' title='bbox 330 584 583 629; x_wconf 70' lang='grc' dir='ltr'>παρακατεῖχε</span> <span class='ocrx_word' id='word_1_62' title='bbox 603 578 759 626; x_wconf 81' lang='grc' dir='ltr'>Βροῦτος</span> <span class='ocrx_word' id='word_1_63' title='bbox 779 577 988 625; x_wconf 74' lang='grc' dir='ltr'>Ἀλβῖνος,ς</span> <span class='ocrx_word' id='word_1_64' title='bbox 1025 578 1206 627; x_wconf 75' lang='grc' dir='ltr'>ἐμβαλὼν</span> <span class='ocrx_word' id='word_1_65' title='bbox 1234 580 1397 625; x_wconf 62' lang='grc' dir='ltr'>ἐπίτηδες</span> <span class='ocrx_word' id='word_1_66' title='bbox 1428 583 1580 631; x_wconf 73' lang='grc' dir='ltr'>ὁμιλίαν</span> 
     </span>
     <span class='ocr_line' id='line_1_9' title="bbox 119 641 1582 694; baseline 0.002 -15"><span class='ocrx_word' id='word_1_67' title='bbox 119 650 226 694; x_wconf 80' lang='grc' dir='ltr'>μῆκος</span> <span class='ocrx_word' id='word_1_68' title='bbox 248 645 424 693; x_wconf 83' lang='grc' dir='ltr'>ἔχουσαν.</span> <span class='ocrx_word' id='word_1_69' title='bbox 474 642 660 679; x_wconf 79' lang='grc' dir='ltr'>Εἰσιόντος</span> <span class='ocrx_word' id='word_1_70' title='bbox 681 641 720 678; x_wconf 72' lang='grc' dir='ltr'>δὲ</span> <span class='ocrx_word' id='word_1_71' title='bbox 741 642 942 690; x_wconf 87' lang='grc' dir='ltr'>Καίσαρος,</span> <span class='ocrx_word' id='word_1_72' title='bbox 966 644 984 686; x_wconf 79' lang='grc' dir='ltr'>ἡ</span> <span class='ocrx_word' id='word_1_73' title='bbox 1004 641 1122 688; x_wconf 74' lang='grc' dir='ltr'>βουλή</span> <span class='ocrx_word' id='word_1_74' title='bbox 1143 644 1212 693; x_wconf 82' lang='grc' dir='ltr'>μὲν</span> <span class='ocrx_word' id='word_1_75' title='bbox 1233 645 1457 690; x_wconf 69' lang='grc' dir='ltr'>ὑπεξανέστη</span> <span class='ocrx_word' id='word_1_76' title='bbox 1477 648 1582 694; x_wconf 85' lang='grc' dir='ltr'>θερα-</span> 
     </span>
     <span class='ocr_line' id='line_1_10' title="bbox 119 704 1581 757; baseline 0.001 -13"><span class='ocrx_word' id='word_1_77' title='bbox 119 707 295 745; x_wconf 80' lang='grc' dir='ltr'>πεύουσα·</span> <span class='ocrx_word' id='word_1_78' title='bbox 333 714 403 744; x_wconf 82' lang='grc' dir='ltr'>τῶν</span> <span class='ocrx_word' id='word_1_79' title='bbox 434 704 475 742; x_wconf 76' lang='grc' dir='ltr'>δὲ</span> <span class='ocrx_word' id='word_1_80' title='bbox 512 708 592 755; x_wconf 86' lang='grc' dir='ltr'>περὶ</span> <span class='ocrx_word' id='word_1_81' title='bbox 627 706 789 754; x_wconf 82' lang='grc' dir='ltr'>Βροῦτον</span> <span class='ocrx_word' id='word_1_82' title='bbox 823 707 856 743; x_wconf 86' lang='grc' dir='ltr'>οἱ</span> <span class='ocrx_word' id='word_1_83' title='bbox 891 708 962 755; x_wconf 73' lang='grc' dir='ltr'>μὲν</span> <span class='ocrx_word' id='word_1_84' title='bbox 995 707 1186 751; x_wconf 68' lang='grc' dir='ltr'>ἐξόπισθεν</span> <span class='ocrx_word' id='word_1_85' title='bbox 1215 709 1278 744; x_wconf 84' lang='grc' dir='ltr'>τὸν</span> <span class='ocrx_word' id='word_1_86' title='bbox 1307 707 1436 757; x_wconf 57' lang='grc' dir='ltr'>δίφρον</span> <span class='ocrx_word' id='word_1_87' title='bbox 1470 712 1581 746; x_wconf 76' lang='grc' dir='ltr'>αὐτοῦ</span> 
     </span>
     <span class='ocr_line' id='line_1_11' title="bbox 119 768 1581 823; baseline 0.001 -15"><span class='ocrx_word' id='word_1_88' title='bbox 119 775 379 820; x_wconf 82' lang='grc' dir='ltr'>περιέστησαν,</span> <span class='ocrx_word' id='word_1_89' title='bbox 402 770 436 807; x_wconf 82' lang='grc' dir='ltr'>οἷ</span> <span class='ocrx_word' id='word_1_90' title='bbox 455 769 483 806; x_wconf 75' lang='grc' dir='ltr'>δ’</span> <span class='ocrx_word' id='word_1_91' title='bbox 503 772 722 815; x_wconf 70' lang='grc' dir='ltr'>ἀπήντησαν</span> <span class='ocrx_word' id='word_1_92' title='bbox 742 773 787 806; x_wconf 80' lang='grc' dir='ltr'>ὡς</span> <span class='ocrx_word' id='word_1_93' title='bbox 817 768 860 814; x_wconf 68' lang='grc' dir='ltr'>δὴ</span> <span class='ocrx_word' id='word_1_94' title='bbox 885 770 1078 820; x_wconf 53' lang='lat' dir='ltr'>Mei-:May</span> <span class='ocrx_word' id='word_1_95' title='bbox 1106 769 1296 820; x_wconf 56' lang='grc' dir='ltr'>Κίμρἷριιι),ὁ</span> <span class='ocrx_word' id='word_1_96' title='bbox 1317 774 1395 818; x_wconf 81' lang='grc' dir='ltr'>περὶ</span> <span class='ocrx_word' id='word_1_97' title='bbox 1417 770 1581 823; x_wconf 61' lang='grc' dir='ltr'>ἀδελφοῦ</span> 
     </span>
     <span class='ocr_line' id='line_1_12' title="bbox 118 832 1583 887; baseline 0.001 -15"><span class='ocrx_word' id='word_1_98' title='bbox 118 836 281 887; x_wconf 73' lang='grc' dir='ltr'>φυγάδος</span> <span class='ocrx_word' id='word_1_99' title='bbox 302 835 584 884; x_wconf 76' lang='grc' dir='ltr'>ἐντυγχάνοντι,</span> <span class='ocrx_word' id='word_1_100' title='bbox 608 833 906 883; x_wconf 69' lang='grc' dir='ltr'>συνδεησόμενοι,</span> <span class='ocrx_word' id='word_1_101' title='bbox 929 836 987 870; x_wconf 78' lang='grc' dir='ltr'>καὶ</span> <span class='ocrx_word' id='word_1_102' title='bbox 1009 832 1224 870; x_wconf 75' lang='grc' dir='ltr'>συνεδέοντο</span> <span class='ocrx_word' id='word_1_103' title='bbox 1243 838 1355 884; x_wconf 78' lang='grc' dir='ltr'>μέχρι</span> <span class='ocrx_word' id='word_1_104' title='bbox 1375 841 1436 871; x_wconf 85' lang='grc' dir='ltr'>τοῦ</span> <span class='ocrx_word' id='word_1_105' title='bbox 1456 835 1583 886; x_wconf 68' lang='grc' dir='ltr'>δίφρου</span> 
     </span>
     <span class='ocr_line' id='line_1_13' title="bbox 119 896 1584 948; baseline 0.001 -13"><span class='ocrx_word' id='word_1_106' title='bbox 119 900 492 948; x_wconf 77' lang='grc' dir='ltr'>παρακολουθοῦντες.</span> <span class='ocrx_word' id='word_1_107' title='bbox 547 897 606 934; x_wconf 87' lang='grc' dir='ltr'>Ὠς</span> <span class='ocrx_word' id='word_1_108' title='bbox 628 896 668 934; x_wconf 73' lang='grc' dir='ltr'>δὲ</span> <span class='ocrx_word' id='word_1_109' title='bbox 689 900 839 934; x_wconf 83' lang='grc' dir='ltr'>καθίσας</span> <span class='ocrx_word' id='word_1_110' title='bbox 859 896 1060 946; x_wconf 72' lang='grc' dir='ltr'>διεκρούετο</span> <span class='ocrx_word' id='word_1_111' title='bbox 1080 900 1143 934; x_wconf 80' lang='grc' dir='ltr'>τὰς</span> <span class='ocrx_word' id='word_1_112' title='bbox 1162 896 1318 941; x_wconf 77' lang='grc' dir='ltr'>δεήσεις,</span> <span class='ocrx_word' id='word_1_113' title='bbox 1341 901 1398 934; x_wconf 86' lang='grc' dir='ltr'>καὶ</span> <span class='ocrx_word' id='word_1_114' title='bbox 1418 915 1584 947; x_wconf 84' lang='grc' dir='ltr'>προσκει-</span> 
     </span>
     <span class='ocr_line' id='line_1_14' title="bbox 119 960 1583 1012; baseline -0.001 -13"><span class='ocrx_word' id='word_1_115' title='bbox 119 966 243 1012; x_wconf 86' lang='grc' dir='ltr'>μένων</span> <span class='ocrx_word' id='word_1_116' title='bbox 262 962 484 1011; x_wconf 77' lang='grc' dir='ltr'>βιαιότερον,</span> <span class='ocrx_word' id='word_1_117' title='bbox 507 962 709 1008; x_wconf 78' lang='grc' dir='ltr'>ἠγανάκτει</span> <span class='ocrx_word' id='word_1_118' title='bbox 737 962 823 1009; x_wconf 83' lang='grc' dir='ltr'>πρὸς</span> <span class='ocrx_word' id='word_1_119' title='bbox 851 962 1021 1006; x_wconf 81' lang='grc' dir='ltr'>ἕκαστον,</span> <span class='ocrx_word' id='word_1_120' title='bbox 1047 962 1065 996; x_wconf 83' lang='grc' dir='ltr'><strong>ὁ</strong></span> <span class='ocrx_word' id='word_1_121' title='bbox 1097 961 1168 1010; x_wconf 84' lang='grc' dir='ltr'>μὲν</span> <span class='ocrx_word' id='word_1_122' title='bbox 1195 960 1400 998; x_wconf 60' lang='grc' dir='ltr'>ΆῙετίλλιος</span> <span class='ocrx_word' id='word_1_123' title='bbox 1430 964 1496 1006; x_wconf 82' lang='grc' dir='ltr'>τὴν</span> <span class='ocrx_word' id='word_1_124' title='bbox 1524 968 1583 1008; x_wconf 86' lang='grc' dir='ltr'>τή-</span> 
     </span>
     <span class='ocr_line' id='line_1_15' title="bbox 117 1024 1582 1076; baseline 0 -13"><span class='ocrx_word' id='word_1_125' title='bbox 117 1025 258 1072; x_wconf 81' lang='grc' dir='ltr'>βεννον</span> <span class='ocrx_word' id='word_1_126' title='bbox 282 1028 393 1062; x_wconf 74' lang='grc' dir='ltr'>αὑτοῦ</span> <span class='ocrx_word' id='word_1_127' title='bbox 423 1030 502 1061; x_wconf 80' lang='grc' dir='ltr'>ταῖς</span> <span class='ocrx_word' id='word_1_128' title='bbox 531 1026 663 1075; x_wconf 85' lang='grc' dir='ltr'>χερσὶν</span> <span class='ocrx_word' id='word_1_129' title='bbox 692 1026 913 1074; x_wconf 81' lang='grc' dir='ltr'>ἀμφοτέραις</span> <span class='ocrx_word' id='word_1_130' title='bbox 945 1024 1163 1072; x_wconf 73' lang='grc' dir='ltr'>συλλαβὼν,</span> <span class='ocrx_word' id='word_1_131' title='bbox 1191 1026 1264 1061; x_wconf 80' lang='grc' dir='ltr'>ἀπὸ</span> <span class='ocrx_word' id='word_1_132' title='bbox 1298 1033 1360 1061; x_wconf 85' lang='grc' dir='ltr'>τοῦ</span> <span class='ocrx_word' id='word_1_133' title='bbox 1392 1029 1582 1076; x_wconf 75' lang='grc' dir='ltr'>τραχήλου</span> 
     </span>
     <span class='ocr_line' id='line_1_16' title="bbox 118 1086 1582 1140; baseline 0 -14"><span class='ocrx_word' id='word_1_134' title='bbox 118 1098 292 1136; x_wconf 87' lang='grc' dir='ltr'>κατῆγεν·</span> <span class='ocrx_word' id='word_1_135' title='bbox 323 1088 412 1136; x_wconf 83' lang='grc' dir='ltr'>ὅπερ</span> <span class='ocrx_word' id='word_1_136' title='bbox 433 1086 476 1132; x_wconf 80' lang='grc' dir='ltr'>ἦν</span> <span class='ocrx_word' id='word_1_137' title='bbox 499 1090 665 1136; x_wconf 85' lang='grc' dir='ltr'>σύνθημα</span> <span class='ocrx_word' id='word_1_138' title='bbox 687 1097 747 1132; x_wconf 86' lang='grc' dir='ltr'>τῆς</span> <span class='ocrx_word' id='word_1_139' title='bbox 767 1089 1042 1138; x_wconf 81' lang='grc' dir='ltr'>ἐπιχειρήσεως.</span> <span class='ocrx_word' id='word_1_140' title='bbox 1090 1087 1236 1136; x_wconf 85' lang='grc' dir='ltr'>Πρῶτος</span> <span class='ocrx_word' id='word_1_141' title='bbox 1256 1087 1295 1124; x_wconf 68' lang='grc' dir='ltr'>δὲ</span> <span class='ocrx_word' id='word_1_142' title='bbox 1318 1088 1469 1126; x_wconf 81' lang='grc' dir='ltr'>Κάσκας</span> <span class='ocrx_word' id='word_1_143' title='bbox 1488 1093 1582 1140; x_wconf 74' lang='grc' dir='ltr'>ξίφει</span> 
     </span>
     <span class='ocr_line' id='line_1_17' title="bbox 118 1150 1581 1201; baseline 0 -12"><span class='ocrx_word' id='word_1_144' title='bbox 118 1156 221 1189; x_wconf 84' lang='grc' dir='ltr'>παίει</span> <span class='ocrx_word' id='word_1_145' title='bbox 240 1155 339 1201; x_wconf 85' lang='grc' dir='ltr'>παρὰ</span> <span class='ocrx_word' id='word_1_146' title='bbox 359 1153 422 1189; x_wconf 75' lang='grc' dir='ltr'>τὸν</span> <span class='ocrx_word' id='word_1_147' title='bbox 448 1153 606 1201; x_wconf 78' lang='grc' dir='ltr'>αὐχένα,</span> <span class='ocrx_word' id='word_1_148' title='bbox 626 1153 778 1198; x_wconf 80' lang='grc' dir='ltr'>πληγὴν</span> <span class='ocrx_word' id='word_1_149' title='bbox 807 1153 847 1187; x_wconf 81' lang='grc' dir='ltr'>οὐ</span> <span class='ocrx_word' id='word_1_150' title='bbox 867 1153 1133 1200; x_wconf 83' lang='grc' dir='ltr'>θανατηφόρον,</span> <span class='ocrx_word' id='word_1_151' title='bbox 1155 1150 1240 1187; x_wconf 75' lang='grc' dir='ltr'>οὐδὲ</span> <span class='ocrx_word' id='word_1_152' title='bbox 1267 1150 1458 1199; x_wconf 69' lang='grc' dir='ltr'>βαρεῖαν,7</span> <span class='ocrx_word' id='word_1_153' title='bbox 1481 1155 1581 1198; x_wconf 82' lang='grc' dir='ltr'>ἀλλ’,</span> 
     </span>
     <span class='ocr_line' id='line_1_18' title="bbox 120 1216 1584 1267; baseline -0.001 -14"><span class='ocrx_word' id='word_1_154' title='bbox 120 1219 164 1254; x_wconf 81' lang='grc' dir='ltr'>ὡς</span> <span class='ocrx_word' id='word_1_155' title='bbox 183 1217 287 1260; x_wconf 80' lang='grc' dir='ltr'>εἰκὸς,</span> <span class='ocrx_word' id='word_1_156' title='bbox 311 1218 352 1252; x_wconf 77' lang='grc' dir='ltr'>ἐν</span> <span class='ocrx_word' id='word_1_157' title='bbox 371 1219 468 1267; x_wconf 80' lang='grc' dir='ltr'>ἀρχῇ</span> <span class='ocrx_word' id='word_1_158' title='bbox 490 1217 722 1265; x_wconf 81' lang='grc' dir='ltr'>τολμήματος</span> <span class='ocrx_word' id='word_1_159' title='bbox 749 1218 919 1264; x_wconf 81' lang='grc' dir='ltr'>μεγάλου</span> <span class='ocrx_word' id='word_1_160' title='bbox 951 1218 1160 1265; x_wconf 79' lang='grc' dir='ltr'>ταραχθείς·</span> <span class='ocrx_word' id='word_1_161' title='bbox 1195 1218 1287 1251; x_wconf 82' lang='grc' dir='ltr'>ὥστε</span> <span class='ocrx_word' id='word_1_162' title='bbox 1316 1217 1374 1251; x_wconf 86' lang='grc' dir='ltr'>καὶ</span> <span class='ocrx_word' id='word_1_163' title='bbox 1403 1216 1467 1252; x_wconf 83' lang='grc' dir='ltr'>τὸν</span> <span class='ocrx_word' id='word_1_164' title='bbox 1488 1217 1584 1252; x_wconf 84' lang='grc' dir='ltr'>Καί-</span> 
     </span>
     <span class='ocr_line' id='line_1_19' title="bbox 121 1278 1582 1329; baseline 0 -13"><span class='ocrx_word' id='word_1_165' title='bbox 121 1296 216 1329; x_wconf 82' lang='grc' dir='ltr'>σαρα</span> <span class='ocrx_word' id='word_1_166' title='bbox 237 1283 540 1329; x_wconf 75' lang='grc' dir='ltr'>μεταστραφέντα</span> <span class='ocrx_word' id='word_1_167' title='bbox 560 1284 622 1316; x_wconf 82' lang='grc' dir='ltr'>τοῦ</span> <span class='ocrx_word' id='word_1_168' title='bbox 647 1278 869 1329; x_wconf 70' lang='grc' dir='ltr'>ε’νχειριδιόυ</span> <span class='ocrx_word' id='word_1_169' title='bbox 899 1278 1087 1326; x_wconf 71' lang='grc' dir='ltr'>λαβέσθαι</span> <span class='ocrx_word' id='word_1_170' title='bbox 1117 1281 1175 1315; x_wconf 87' lang='grc' dir='ltr'>καὶ</span> <span class='ocrx_word' id='word_1_171' title='bbox 1203 1284 1422 1329; x_wconf 81' lang='grc' dir='ltr'>κατασχεῖν.</span> <span class='ocrx_word' id='word_1_172' title='bbox 1470 1279 1582 1328; x_wconf 75' lang='grc' dir='ltr'>”Αμα</span> 
     </span>
     <span class='ocr_line' id='line_1_20' title="bbox 118 1341 1584 1392; baseline 0 -12"><span class='ocrx_word' id='word_1_173' title='bbox 118 1342 158 1380; x_wconf 66' lang='grc' dir='ltr'>δέ</span> <span class='ocrx_word' id='word_1_174' title='bbox 179 1359 252 1380; x_wconf 85' lang='grc' dir='ltr'>πως</span> <span class='ocrx_word' id='word_1_175' title='bbox 272 1344 516 1392; x_wconf 77' lang='grc' dir='ltr'>ἐξεφώνησαν,</span> <span class='ocrx_word' id='word_1_176' title='bbox 539 1344 557 1379; x_wconf 81' lang='grc' dir='ltr'>ὁ</span> <span class='ocrx_word' id='word_1_177' title='bbox 587 1344 658 1391; x_wconf 88' lang='grc' dir='ltr'>μὲν</span> <span class='ocrx_word' id='word_1_178' title='bbox 686 1344 854 1389; x_wconf 83' lang='grc' dir='ltr'>πληγεὶς,</span> <span class='ocrx_word' id='word_1_179' title='bbox 873 1341 1091 1391; x_wconf 68' lang='grc' dir='ltr'>Ῥωμαϊστί·</span> <span class='ocrx_word' id='word_1_180' title='bbox 1122 1342 1346 1390; x_wconf 60' lang='grc' dir='ltr'>ιλΙιαρὼτατε</span> <span class='ocrx_word' id='word_1_181' title='bbox 1376 1341 1524 1387; x_wconf 82' lang='grc' dir='ltr'>Κάσκα,</span> <span class='ocrx_word' id='word_1_182' title='bbox 1546 1347 1584 1380; x_wconf 88' lang='grc' dir='ltr'>τί</span> 
     </span>
     <span class='ocr_line' id='line_1_21' title="bbox 118 1403 1582 1455; baseline 0 -13"><span class='ocrx_word' id='word_1_183' title='bbox 118 1411 256 1449; x_wconf 85' lang='grc' dir='ltr'>ποιεῖς;</span> <span class='ocrx_word' id='word_1_184' title='bbox 288 1406 306 1441; x_wconf 86' lang='grc' dir='ltr'>ὁ</span> <span class='ocrx_word' id='word_1_185' title='bbox 338 1404 378 1442; x_wconf 73' lang='grc' dir='ltr'>δὲ</span> <span class='ocrx_word' id='word_1_186' title='bbox 409 1409 558 1451; x_wconf 79' lang='grc' dir='ltr'>πλήξας,</span> <span class='ocrx_word' id='word_1_187' title='bbox 579 1406 798 1450; x_wconf 77' lang='grc' dir='ltr'>Ἑλληνιστί</span> <span class='ocrx_word' id='word_1_188' title='bbox 822 1405 907 1453; x_wconf 84' lang='grc' dir='ltr'>πρὸς</span> <span class='ocrx_word' id='word_1_189' title='bbox 930 1406 992 1442; x_wconf 82' lang='grc' dir='ltr'>τὸν</span> <span class='ocrx_word' id='word_1_190' title='bbox 1017 1404 1194 1455; x_wconf 73' lang='grc' dir='ltr'>ἀδελφόν·</span> <span class='ocrx_word' id='word_1_191' title='bbox 1215 1403 1408 1454; x_wconf 69' lang='grc' dir='ltr'>Ἀδελςῖιὲ,8</span> <span class='ocrx_word' id='word_1_192' title='bbox 1439 1403 1582 1451; x_wconf 77' lang='grc' dir='ltr'>βοήθει.</span> 
     </span>
     <span class='ocr_line' id='line_1_22' title="bbox 117 1467 1583 1519; baseline -0.001 -13"><span class='ocrx_word' id='word_1_193' title='bbox 117 1469 298 1515; x_wconf 83' lang='grc' dir='ltr'>Τοιαύτης</span> <span class='ocrx_word' id='word_1_194' title='bbox 317 1467 356 1506; x_wconf 78' lang='grc' dir='ltr'>δὲ</span> <span class='ocrx_word' id='word_1_195' title='bbox 375 1475 434 1513; x_wconf 87' lang='grc' dir='ltr'>τῆς</span> <span class='ocrx_word' id='word_1_196' title='bbox 452 1472 568 1519; x_wconf 84' lang='grc' dir='ltr'>ἀρχῆς</span> <span class='ocrx_word' id='word_1_197' title='bbox 587 1473 804 1519; x_wconf 84' lang='grc' dir='ltr'>γενομένης,</span> <span class='ocrx_word' id='word_1_198' title='bbox 834 1468 913 1506; x_wconf 74' lang='grc' dir='ltr'>τούς</span> <span class='ocrx_word' id='word_1_199' title='bbox 944 1471 1014 1519; x_wconf 83' lang='grc' dir='ltr'>μὲν</span> <span class='ocrx_word' id='word_1_200' title='bbox 1040 1468 1144 1506; x_wconf 74' lang='grc' dir='ltr'>οὐδὲν</span> <span class='ocrx_word' id='word_1_201' title='bbox 1174 1468 1385 1506; x_wconf 75' lang='grc' dir='ltr'>συνειδότας</span> <span class='ocrx_word' id='word_1_202' title='bbox 1416 1470 1583 1514; x_wconf 75' lang='grc' dir='ltr'>ἔκπληξις</span> 
     </span>
     <span class='ocr_line' id='line_1_23' title="bbox 118 1531 1582 1585; baseline -0.001 -15"><span class='ocrx_word' id='word_1_203' title='bbox 118 1531 212 1584; x_wconf 73' lang='grc' dir='ltr'>εἶχε,</span> <span class='ocrx_word' id='word_1_204' title='bbox 235 1534 293 1570; x_wconf 84' lang='grc' dir='ltr'>καὶ</span> <span class='ocrx_word' id='word_1_205' title='bbox 314 1534 419 1583; x_wconf 79' lang='grc' dir='ltr'>φρίκη</span> <span class='ocrx_word' id='word_1_206' title='bbox 444 1533 530 1583; x_wconf 75' lang='grc' dir='ltr'>πρὸς</span> <span class='ocrx_word' id='word_1_207' title='bbox 562 1536 608 1570; x_wconf 83' lang='grc' dir='ltr'>τὰ</span> <span class='ocrx_word' id='word_1_208' title='bbox 637 1531 818 1584; x_wconf 74' lang='grc' dir='ltr'>δρώμενα,</span> <span class='ocrx_word' id='word_1_209' title='bbox 849 1538 940 1582; x_wconf 86' lang='grc' dir='ltr'>μήτε</span> <span class='ocrx_word' id='word_1_210' title='bbox 969 1533 1134 1583; x_wconf 72' lang='grc' dir='ltr'>φεύγειν,</span> <span class='ocrx_word' id='word_1_211' title='bbox 1169 1535 1249 1583; x_wconf 86' lang='grc' dir='ltr'>μήτ’</span> <span class='ocrx_word' id='word_1_212' title='bbox 1278 1531 1446 1585; x_wconf 72' lang='grc' dir='ltr'>ἀμύνειν,</span> <span class='ocrx_word' id='word_1_213' title='bbox 1479 1534 1582 1569; x_wconf 83' lang='grc' dir='ltr'>ἀλλὰ</span> 
     </span>
     <span class='ocr_line' id='line_1_24' title="bbox 117 1595 1582 1648; baseline -0.001 -15"><span class='ocrx_word' id='word_1_214' title='bbox 117 1595 211 1645; x_wconf 76' lang='grc' dir='ltr'>μηδὲ</span> <span class='ocrx_word' id='word_1_215' title='bbox 231 1600 354 1648; x_wconf 88' lang='grc' dir='ltr'>φωνὴν</span> <span class='ocrx_word' id='word_1_216' title='bbox 374 1595 578 1643; x_wconf 82' lang='grc' dir='ltr'>ἐκβάλλειν</span> <span class='ocrx_word' id='word_1_217' title='bbox 596 1599 818 1647; x_wconf 86' lang='grc' dir='ltr'>τολμῶντας.</span> <span class='ocrx_word' id='word_1_218' title='bbox 874 1596 961 1634; x_wconf 84' lang='grc' dir='ltr'>Τῶν</span> <span class='ocrx_word' id='word_1_219' title='bbox 980 1595 1019 1633; x_wconf 73' lang='grc' dir='ltr'>δὲ</span> <span class='ocrx_word' id='word_1_220' title='bbox 1039 1599 1399 1646; x_wconf 85' lang='grc' dir='ltr'>παρεσκευασμένων</span> <span class='ocrx_word' id='word_1_221' title='bbox 1428 1595 1487 1631; x_wconf 81' lang='grc' dir='ltr'>ἐπὶ</span> <span class='ocrx_word' id='word_1_222' title='bbox 1517 1596 1582 1632; x_wconf 80' lang='grc' dir='ltr'>τὸν</span> 
     </span>
    </p>
   </div>
   <div class='ocr_carea' id='block_1_5' title="bbox 119 1659 1581 1792">
    <p class='ocr_par' dir='ltr' id='par_1_5' title="bbox 119 1659 1581 1792">
     <span class='ocr_line' id='line_1_25' title="bbox 119 1659 1581 1712; baseline -0.001 -15"><span class='ocrx_word' id='word_1_223' title='bbox 119 1662 232 1709; x_wconf 85' lang='grc' dir='ltr'>φόνον</span> <span class='ocrx_word' id='word_1_224' title='bbox 253 1661 405 1698; x_wconf 84' lang='grc' dir='ltr'>ἑκάστου</span> <span class='ocrx_word' id='word_1_225' title='bbox 425 1661 569 1711; x_wconf 84' lang='grc' dir='ltr'>γυμνὸν</span> <span class='ocrx_word' id='word_1_226' title='bbox 588 1659 848 1707; x_wconf 71' lang='grc' dir='ltr'>ἀποδείξαντος</span> <span class='ocrx_word' id='word_1_227' title='bbox 876 1661 914 1699; x_wconf 82' lang='grc' dir='ltr'>τὸ</span> <span class='ocrx_word' id='word_1_228' title='bbox 947 1665 1059 1711; x_wconf 80' lang='grc' dir='ltr'>ξίφος,</span> <span class='ocrx_word' id='word_1_229' title='bbox 1090 1661 1130 1697; x_wconf 82' lang='grc' dir='ltr'>ἐν</span> <span class='ocrx_word' id='word_1_230' title='bbox 1159 1660 1276 1712; x_wconf 67' lang='grc' dir='ltr'>κύκλῳ</span> <span class='ocrx_word' id='word_1_231' title='bbox 1306 1662 1581 1711; x_wconf 84' lang='grc' dir='ltr'>περιεχόμενος,</span> 
     </span>
     <span class='ocr_line' id='line_1_26' title="bbox 780 1761 918 1792; baseline 0 0"><span class='ocrx_word' id='word_1_232' title='bbox 780 1761 918 1792; x_wconf 78' lang='lat' dir='ltr'>NOTAE</span> 
     </span>
    </p>
   </div>
   <div class='ocr_carea' id='block_1_6' title="bbox 876 1844 1581 1929">
    <p class='ocr_par' dir='ltr' id='par_1_6' title="bbox 876 1844 1581 1929">
     <span class='ocr_line' id='line_1_27' title="bbox 876 1844 1581 1885; baseline -0.001 -8"><span class='ocrx_word' id='word_1_233' title='bbox 876 1847 947 1877; x_wconf 80' lang='lat' dir='ltr'>viso</span> <span class='ocrx_word' id='word_1_234' title='bbox 961 1846 1212 1885; x_wconf 83' lang='lat' dir='ltr'>consolandum,</span> <span class='ocrx_word' id='word_1_235' title='bbox 1224 1850 1262 1877; x_wconf 88' lang='lat' dir='ltr'>ut</span> <span class='ocrx_word' id='word_1_236' title='bbox 1278 1849 1398 1877; x_wconf 85' lang='lat' dir='ltr'><strong>auctor</strong></span> <span class='ocrx_word' id='word_1_237' title='bbox 1413 1849 1466 1876; x_wconf 87' lang='lat' dir='ltr'>est</span> <span class='ocrx_word' id='word_1_238' title='bbox 1482 1844 1581 1876; x_wconf 82' lang='lat' dir='ltr'>Plut.</span> 
     </span>
     <span class='ocr_line' id='line_1_28' title="bbox 876 1898 1150 1929; baseline 0 -1"><span class='ocrx_word' id='word_1_239' title='bbox 876 1898 909 1928; x_wconf 93' lang='lat' dir='ltr'>in</span> <span class='ocrx_word' id='word_1_240' title='bbox 925 1899 1034 1929; x_wconf 90' lang='lat' dir='ltr'>Bruto</span> <span class='ocrx_word' id='word_1_241' title='bbox 1051 1908 1080 1929; x_wconf 89' lang='lat' dir='ltr'>c.</span> <span class='ocrx_word' id='word_1_242' title='bbox 1098 1901 1150 1929; x_wconf 79' lang='lat'>37.</span> 
     </span>
    </p>
   </div>
   <div class='ocr_carea' id='block_1_7' title="bbox 116 1845 823 1937">
    <p class='ocr_par' dir='ltr' id='par_1_7' title="bbox 116 1845 823 1937">
     <span class='ocr_line' id='line_1_29' title="bbox 117 1845 820 1888; baseline -0.003 -10"><span class='ocrx_word' id='word_1_243' title='bbox 117 1856 195 1888; x_wconf 89' lang='lat' dir='ltr'>que,</span> <span class='ocrx_word' id='word_1_244' title='bbox 212 1846 245 1878; x_wconf 90' lang='lat' dir='ltr'>in</span> <span class='ocrx_word' id='word_1_245' title='bbox 263 1857 329 1888; x_wconf 89' lang='lat' dir='ltr'>quo</span> <span class='ocrx_word' id='word_1_246' title='bbox 345 1847 378 1878; x_wconf 91' lang='lat' dir='ltr'>id</span> <span class='ocrx_word' id='word_1_247' title='bbox 401 1846 568 1879; x_wconf 83' lang='lat' dir='ltr'>committi</span> <span class='ocrx_word' id='word_1_248' title='bbox 593 1845 698 1877; x_wconf 77' lang='lat' dir='ltr'>fatale</span> <span class='ocrx_word' id='word_1_249' title='bbox 715 1845 820 1887; x_wconf 85' lang='lat' dir='ltr'>esset)</span> 
     </span>
     <span class='ocr_line' id='line_1_30' title="bbox 116 1896 823 1937; baseline -0.001 -9"><span class='ocrx_word' id='word_1_250' title='bbox 116 1897 189 1928; x_wconf 75' lang='lat' dir='ltr'>illuc</span> <span class='ocrx_word' id='word_1_251' title='bbox 203 1901 396 1937; x_wconf 78' lang='lat' dir='ltr'><em>convocante,</em></span> <span class='ocrx_word' id='word_1_252' title='bbox 416 1897 555 1937; x_wconf 73' lang='lat' dir='ltr'>viamque</span> <span class='ocrx_word' id='word_1_253' title='bbox 570 1898 657 1937; x_wconf 79' lang='lat' dir='ltr'>qnasi</span> <span class='ocrx_word' id='word_1_254' title='bbox 676 1896 823 1927; x_wconf 78' lang='lat' dir='ltr'>ambobus</span> 
     </span>
    </p>
   </div>
   <div class='ocr_carea' id='block_1_8' title="bbox 116 1951 826 2745">
    <p class='ocr_par' dir='ltr' id='par_1_8' title="bbox 116 1951 283 1987">
     <span class='ocr_line' id='line_1_31' title="bbox 116 1951 283 1987; baseline 0 -9"><span class='ocrx_word' id='word_1_255' title='bbox 116 1951 283 1987; x_wconf 77' lang='lat' dir='ltr'>proeeunte.</span> 
     </span>
    </p>

    <p class='ocr_par' dir='ltr' id='par_1_9' title="bbox 118 1995 826 2745">
     <span class='ocr_line' id='line_1_32' title="bbox 160 1995 821 2038; baseline -0.002 -10"><span class='ocrx_word' id='word_1_256' title='bbox 160 2000 180 2028; x_wconf 88' lang='grc'>4</span> <span class='ocrx_word' id='word_1_257' title='bbox 201 1999 267 2028; x_wconf 85' lang='grc' dir='ltr'>Τῶν</span> <span class='ocrx_word' id='word_1_258' title='bbox 277 1997 343 2028; x_wconf 65' lang='lat' dir='ltr'>’Em</span> <span class='ocrx_word' id='word_1_259' title='bbox 357 1997 408 2038; x_wconf 88' lang='grc' dir='ltr'>λ.]</span> <span class='ocrx_word' id='word_1_260' title='bbox 421 1998 475 2028; x_wconf 90' lang='lat' dir='ltr'>Sc.</span> <span class='ocrx_word' id='word_1_261' title='bbox 494 1997 660 2037; x_wconf 79' lang='lat' dir='ltr'>Epicurus</span> <span class='ocrx_word' id='word_1_262' title='bbox 676 1995 718 2027; x_wconf 88' lang='lat' dir='ltr'>ab</span> <span class='ocrx_word' id='word_1_263' title='bbox 732 1996 821 2027; x_wconf 87' lang='lat' dir='ltr'>omui</span> 
     </span>
     <span class='ocr_line' id='line_1_33' title="bbox 119 2049 821 2090; baseline 0.003 -13"><span class='ocrx_word' id='word_1_264' title='bbox 119 2049 359 2088; x_wconf 79' lang='lat' dir='ltr'>superstitione</span> <span class='ocrx_word' id='word_1_265' title='bbox 404 2049 648 2090; x_wconf 77' lang='lat' dir='ltr'>cujuscumque</span> <span class='ocrx_word' id='word_1_266' title='bbox 688 2049 821 2088; x_wconf 79' lang='lat' dir='ltr'>generis</span> 
     </span>
     <span class='ocr_line' id='line_1_34' title="bbox 121 2097 822 2139; baseline 0.003 -12"><span class='ocrx_word' id='word_1_267' title='bbox 121 2102 195 2128; x_wconf 86' lang='lat' dir='ltr'>erat</span> <span class='ocrx_word' id='word_1_268' title='bbox 225 2098 366 2129; x_wconf 84' lang='lat' dir='ltr'>alienus.</span> <span class='ocrx_word' id='word_1_269' title='bbox 419 2099 523 2129; x_wconf 86' lang='lat' dir='ltr'>Liber</span> <span class='ocrx_word' id='word_1_270' title='bbox 559 2099 630 2139; x_wconf 81' lang='lat' dir='ltr'>ejus</span> <span class='ocrx_word' id='word_1_271' title='bbox 665 2099 696 2128; x_wconf 82' lang='grc' dir='ltr'>αἱ</span> <span class='ocrx_word' id='word_1_272' title='bbox 725 2097 822 2138; x_wconf 77' lang='grc' dir='ltr'>κυρίαι</span> 
     </span>
     <span class='ocr_line' id='line_1_35' title="bbox 120 2145 823 2187; baseline 0.004 -11"><span class='ocrx_word' id='word_1_273' title='bbox 120 2145 215 2185; x_wconf 83' lang='grc' dir='ltr'>δόξαι,</span> <span class='ocrx_word' id='word_1_274' title='bbox 243 2147 372 2187; x_wconf 81' lang='lat' dir='ltr'>placita</span> <span class='ocrx_word' id='word_1_275' title='bbox 394 2148 465 2187; x_wconf 86' lang='lat' dir='ltr'>ejus</span> <span class='ocrx_word' id='word_1_276' title='bbox 492 2148 683 2187; x_wconf 86' lang='lat' dir='ltr'>continens,</span> <span class='ocrx_word' id='word_1_277' title='bbox 700 2149 741 2179; x_wconf 82' lang='lat' dir='ltr'>ab</span> <span class='ocrx_word' id='word_1_278' title='bbox 761 2150 823 2179; x_wconf 91' lang='lat' dir='ltr'>Lu·</span> 
     </span>
     <span class='ocr_line' id='line_1_36' title="bbox 119 2197 818 2240; baseline 0.004 -12"><span class='ocrx_word' id='word_1_279' title='bbox 119 2198 215 2229; x_wconf 88' lang='lat' dir='ltr'>ciano</span> <span class='ocrx_word' id='word_1_280' title='bbox 241 2199 274 2229; x_wconf 92' lang='lat' dir='ltr'>in</span> <span class='ocrx_word' id='word_1_281' title='bbox 301 2197 403 2229; x_wconf 81' lang='lat' dir='ltr'>Alex.</span> <span class='ocrx_word' id='word_1_282' title='bbox 427 2209 458 2230; x_wconf 86' lang='lat' dir='ltr'>c.</span> <span class='ocrx_word' id='word_1_283' title='bbox 475 2202 528 2230; x_wconf 76' lang='grc'>47.</span> <span class='ocrx_word' id='word_1_284' title='bbox 552 2209 649 2240; x_wconf 88' lang='lat' dir='ltr'>quam</span> <span class='ocrx_word' id='word_1_285' title='bbox 674 2200 818 2232; x_wconf 84' lang='lat' dir='ltr'>maxime</span> 
     </span>
     <span class='ocr_line' id='line_1_37' title="bbox 118 2248 819 2291; baseline 0.004 -12"><span class='ocrx_word' id='word_1_286' title='bbox 118 2248 288 2288; x_wconf 84' lang='lat' dir='ltr'>laudatur,</span> <span class='ocrx_word' id='word_1_287' title='bbox 306 2254 343 2280; x_wconf 94' lang='lat' dir='ltr'>ut</span> <span class='ocrx_word' id='word_1_288' title='bbox 366 2258 496 2289; x_wconf 81' lang='lat' dir='ltr'>pacem,</span> <span class='ocrx_word' id='word_1_289' title='bbox 524 2250 819 2291; x_wconf 82' lang='lat' dir='ltr'>tranquillitatem,</span> 
     </span>
     <span class='ocr_line' id='line_1_38' title="bbox 119 2298 820 2340; baseline 0.003 -10"><span class='ocrx_word' id='word_1_290' title='bbox 119 2298 312 2330; x_wconf 87' lang='lat' dir='ltr'>libertatem</span> <span class='ocrx_word' id='word_1_291' title='bbox 336 2300 529 2340; x_wconf 78' lang='lat' dir='ltr'>legentibus</span> <span class='ocrx_word' id='word_1_292' title='bbox 555 2299 717 2340; x_wconf 85' lang='lat' dir='ltr'>efficiens,</span> <span class='ocrx_word' id='word_1_293' title='bbox 734 2311 754 2333; x_wconf 83' lang='lat' dir='ltr'>a</span> <span class='ocrx_word' id='word_1_294' title='bbox 778 2301 820 2332; x_wconf 85' lang='lat' dir='ltr'>ti-</span> 
     </span>
     <span class='ocr_line' id='line_1_39' title="bbox 121 2348 820 2391; baseline 0.003 -11"><span class='ocrx_word' id='word_1_295' title='bbox 121 2348 282 2389; x_wconf 85' lang='lat' dir='ltr'>moribus,</span> <span class='ocrx_word' id='word_1_296' title='bbox 308 2350 464 2390; x_wconf 73' lang='lat' dir='ltr'>spectris,</span> <span class='ocrx_word' id='word_1_297' title='bbox 493 2356 529 2381; x_wconf 86' lang='lat' dir='ltr'>et</span> <span class='ocrx_word' id='word_1_298' title='bbox 560 2350 723 2391; x_wconf 87' lang='lat' dir='ltr'>prodigiis</span> <span class='ocrx_word' id='word_1_299' title='bbox 752 2361 820 2382; x_wconf 90' lang='lat' dir='ltr'>non</span> 
     </span>
     <span class='ocr_line' id='line_1_40' title="bbox 120 2400 821 2441; baseline 0.006 -11"><span class='ocrx_word' id='word_1_300' title='bbox 120 2400 230 2431; x_wconf 81' lang='lat' dir='ltr'>minus</span> <span class='ocrx_word' id='word_1_301' title='bbox 244 2411 343 2441; x_wconf 84' lang='lat' dir='ltr'>quam</span> <span class='ocrx_word' id='word_1_302' title='bbox 360 2412 379 2431; x_wconf 88' lang='lat' dir='ltr'>a</span> <span class='ocrx_word' id='word_1_303' title='bbox 395 2411 455 2441; x_wconf 88' lang='lat' dir='ltr'>spe</span> <span class='ocrx_word' id='word_1_304' title='bbox 473 2411 557 2432; x_wconf 85' lang='lat' dir='ltr'>vana</span> <span class='ocrx_word' id='word_1_305' title='bbox 577 2407 613 2433; x_wconf 87' lang='lat' dir='ltr'>et</span> <span class='ocrx_word' id='word_1_306' title='bbox 627 2412 691 2433; x_wconf 90' lang='lat' dir='ltr'>non</span> <span class='ocrx_word' id='word_1_307' title='bbox 708 2412 821 2435; x_wconf 86' lang='lat' dir='ltr'>neces·</span> 
     </span>
     <span class='ocr_line' id='line_1_41' title="bbox 119 2451 822 2494; baseline 0.004 -13"><span class='ocrx_word' id='word_1_308' title='bbox 119 2451 215 2482; x_wconf 85' lang='lat' dir='ltr'>sariis</span> <span class='ocrx_word' id='word_1_309' title='bbox 237 2451 481 2491; x_wconf 73' lang='lat' dir='ltr'>cupiditatibus</span> <span class='ocrx_word' id='word_1_310' title='bbox 510 2452 669 2492; x_wconf 86' lang='lat' dir='ltr'>liberans,</span> <span class='ocrx_word' id='word_1_311' title='bbox 688 2453 746 2494; x_wconf 91' lang='lat' dir='ltr'>qui</span> <span class='ocrx_word' id='word_1_312' title='bbox 773 2454 822 2484; x_wconf 90' lang='lat' dir='ltr'>in-</span> 
     </span>
     <span class='ocr_line' id='line_1_42' title="bbox 120 2501 823 2543; baseline 0.006 -12"><span class='ocrx_word' id='word_1_313' title='bbox 120 2501 348 2541; x_wconf 86' lang='lat' dir='ltr'>telligentiam</span> <span class='ocrx_word' id='word_1_314' title='bbox 371 2506 407 2532; x_wconf 87' lang='lat' dir='ltr'>et</span> <span class='ocrx_word' id='word_1_315' title='bbox 422 2502 603 2534; x_wconf 87' lang='lat' dir='ltr'>veritatem</span> <span class='ocrx_word' id='word_1_316' title='bbox 626 2503 764 2543; x_wconf 86' lang='lat' dir='ltr'>inserat,</span> <span class='ocrx_word' id='word_1_317' title='bbox 787 2509 823 2536; x_wconf 77' lang='lat' dir='ltr'>et</span> 
     </span>
     <span class='ocr_line' id='line_1_43' title="bbox 120 2552 822 2592; baseline 0.006 -11"><span class='ocrx_word' id='word_1_318' title='bbox 120 2559 202 2583; x_wconf 86' lang='lat' dir='ltr'>vere</span> <span class='ocrx_word' id='word_1_319' title='bbox 229 2556 360 2582; x_wconf 88' lang='lat' dir='ltr'>mentes</span> <span class='ocrx_word' id='word_1_320' title='bbox 392 2557 515 2592; x_wconf 85' lang='lat' dir='ltr'>purget</span> <span class='ocrx_word' id='word_1_321' title='bbox 546 2562 614 2583; x_wconf 92' lang='lat' dir='ltr'>non</span> <span class='ocrx_word' id='word_1_322' title='bbox 643 2552 732 2584; x_wconf 83' lang='lat' dir='ltr'>t&#39;aece</span> <span class='ocrx_word' id='word_1_323' title='bbox 763 2560 822 2585; x_wconf 83' lang='lat' dir='ltr'>aut</span> 
     </span>
     <span class='ocr_line' id='line_1_44' title="bbox 121 2601 822 2642; baseline 0.004 -10"><span class='ocrx_word' id='word_1_324' title='bbox 121 2601 263 2642; x_wconf 85' lang='lat' dir='ltr'>squillis,</span> <span class='ocrx_word' id='word_1_325' title='bbox 279 2601 338 2632; x_wconf 87' lang='lat' dir='ltr'>sed</span> <span class='ocrx_word' id='word_1_326' title='bbox 362 2607 458 2633; x_wconf 90' lang='lat' dir='ltr'>recta</span> <span class='ocrx_word' id='word_1_327' title='bbox 473 2602 603 2634; x_wconf 78' lang='lat' dir='ltr'>ratione</span> <span class='ocrx_word' id='word_1_328' title='bbox 620 2608 656 2634; x_wconf 89' lang='lat' dir='ltr'>et</span> <span class='ocrx_word' id='word_1_329' title='bbox 674 2603 822 2635; x_wconf 80' lang='lat' dir='ltr'>veritate</span> 
     </span>
     <span class='ocr_line' id='line_1_45' title="bbox 121 2651 824 2694; baseline 0.003 -12"><span class='ocrx_word' id='word_1_330' title='bbox 121 2655 157 2682; x_wconf 84' lang='lat' dir='ltr'>et</span> <span class='ocrx_word' id='word_1_331' title='bbox 178 2651 533 2684; x_wconf 56' lang='lat' dir='ltr'>libertam—Cassius</span> <span class='ocrx_word' id='word_1_332' title='bbox 556 2653 698 2694; x_wconf 87' lang='lat' dir='ltr'>Epicuri</span> <span class='ocrx_word' id='word_1_333' title='bbox 714 2654 824 2685; x_wconf 88' lang='lat' dir='ltr'>utitur</span> 
     </span>
     <span class='ocr_line' id='line_1_46' title="bbox 121 2701 826 2745; baseline 0.006 -13"><span class='ocrx_word' id='word_1_334' title='bbox 121 2701 257 2742; x_wconf 79' lang='lat' dir='ltr'>placitis</span> <span class='ocrx_word' id='word_1_335' title='bbox 268 2702 312 2734; x_wconf 89' lang='lat' dir='ltr'>ad</span> <span class='ocrx_word' id='word_1_336' title='bbox 324 2703 469 2734; x_wconf 85' lang='lat' dir='ltr'>Brutum</span> <span class='ocrx_word' id='word_1_337' title='bbox 481 2703 525 2734; x_wconf 86' lang='lat' dir='ltr'>de</span> <span class='ocrx_word' id='word_1_338' title='bbox 539 2708 677 2745; x_wconf 82' lang='lat' dir='ltr'>spectro</span> <span class='ocrx_word' id='word_1_339' title='bbox 692 2704 728 2735; x_wconf 88' lang='lat' dir='ltr'>in</span> <span class='ocrx_word' id='word_1_340' title='bbox 744 2703 826 2736; x_wconf 85' lang='lat' dir='ltr'>Asia</span> 
     </span>
    </p>
   </div>
   <div class='ocr_carea' id='block_1_9' title="bbox 875 1945 1584 2701">
    <p class='ocr_par' dir='ltr' id='par_1_10' title="bbox 875 1945 1583 2088">
     <span class='ocr_line' id='line_1_47' title="bbox 917 1945 1580 1987; baseline -0.002 -9"><span class='ocrx_word' id='word_1_341' title='bbox 917 1951 935 1978; x_wconf 91' lang='lat'>5</span> <span class='ocrx_word' id='word_1_342' title='bbox 976 1948 1107 1987; x_wconf 79' lang='grc' dir='ltr'>Βροῦτος</span> <span class='ocrx_word' id='word_1_343' title='bbox 1135 1946 1242 1986; x_wconf 86' lang='grc' dir='ltr'>Ἀλβ.]</span> <span class='ocrx_word' id='word_1_344' title='bbox 1276 1945 1318 1976; x_wconf 91' lang='lat' dir='ltr'>In</span> <span class='ocrx_word' id='word_1_345' title='bbox 1348 1946 1443 1977; x_wconf 87' lang='lat' dir='ltr'>Plut.</span> <span class='ocrx_word' id='word_1_346' title='bbox 1471 1946 1580 1977; x_wconf 88' lang='lat' dir='ltr'>Bruto</span> 
     </span>
     <span class='ocr_line' id='line_1_48' title="bbox 875 1996 1583 2038; baseline -0.003 -9"><span class='ocrx_word' id='word_1_347' title='bbox 875 2008 906 2029; x_wconf 88' lang='lat' dir='ltr'>c.</span> <span class='ocrx_word' id='word_1_348' title='bbox 923 2001 974 2028; x_wconf 87' lang='grc'>17.</span> <span class='ocrx_word' id='word_1_349' title='bbox 990 2003 1025 2029; x_wconf 88' lang='lat' dir='ltr'>et</span> <span class='ocrx_word' id='word_1_350' title='bbox 1041 1997 1202 2038; x_wconf 87' lang='lat' dir='ltr'>Appiano</span> <span class='ocrx_word' id='word_1_351' title='bbox 1230 2007 1271 2028; x_wconf 93' lang='lat'>11.</span> <span class='ocrx_word' id='word_1_352' title='bbox 1299 1999 1372 2028; x_wconf 86' lang='grc'>117.</span> <span class='ocrx_word' id='word_1_353' title='bbox 1396 1997 1436 2028; x_wconf 88' lang='lat' dir='ltr'>C.</span> <span class='ocrx_word' id='word_1_354' title='bbox 1458 1996 1583 2028; x_wconf 87' lang='lat' dir='ltr'>Trebo-</span> 
     </span>
     <span class='ocr_line' id='line_1_49' title="bbox 875 2047 1358 2088; baseline -0.004 -9"><span class='ocrx_word' id='word_1_355' title='bbox 875 2048 931 2079; x_wconf 91' lang='lat' dir='ltr'>nio</span> <span class='ocrx_word' id='word_1_356' title='bbox 948 2048 999 2079; x_wconf 83' lang='lat' dir='ltr'>hae</span> <span class='ocrx_word' id='word_1_357' title='bbox 1018 2052 1132 2088; x_wconf 82' lang='lat' dir='ltr'>partes</span> <span class='ocrx_word' id='word_1_358' title='bbox 1149 2047 1358 2078; x_wconf 85' lang='lat' dir='ltr'>tribuuntur.</span> 
     </span>
    </p>

    <p class='ocr_par' dir='ltr' id='par_1_11' title="bbox 875 2097 1582 2331">
     <span class='ocr_line' id='line_1_50' title="bbox 917 2097 1581 2138; baseline -0.002 -9"><span class='ocrx_word' id='word_1_359' title='bbox 917 2101 937 2129; x_wconf 90' lang='grc'>6</span> <span class='ocrx_word' id='word_1_360' title='bbox 954 2097 1113 2137; x_wconf 83' lang='grc' dir='ltr'>Μετιλλίῳ</span> <span class='ocrx_word' id='word_1_361' title='bbox 1127 2097 1267 2138; x_wconf 81' lang='grc' dir='ltr'>Κίμβρῳ]</span> <span class='ocrx_word' id='word_1_362' title='bbox 1282 2098 1491 2137; x_wconf 88' lang='lat' dir='ltr'>Corruptum</span> <span class='ocrx_word' id='word_1_363' title='bbox 1507 2106 1581 2128; x_wconf 84' lang='lat' dir='ltr'>esse</span> 
     </span>
     <span class='ocr_line' id='line_1_51' title="bbox 875 2148 1582 2180; baseline -0.001 -1"><span class='ocrx_word' id='word_1_364' title='bbox 875 2148 938 2179; x_wconf 89' lang='lat' dir='ltr'>hoc</span> <span class='ocrx_word' id='word_1_365' title='bbox 956 2159 1078 2180; x_wconf 86' lang='lat' dir='ltr'>nomeu</span> <span class='ocrx_word' id='word_1_366' title='bbox 1103 2149 1161 2179; x_wconf 90' lang='lat' dir='ltr'>diu</span> <span class='ocrx_word' id='word_1_367' title='bbox 1185 2153 1329 2180; x_wconf 86' lang='lat' dir='ltr'>constat.</span> <span class='ocrx_word' id='word_1_368' title='bbox 1376 2148 1507 2178; x_wconf 66' lang='lat' dir='ltr'>Nomen</span> <span class='ocrx_word' id='word_1_369' title='bbox 1525 2148 1582 2178; x_wconf 83' lang='lat' dir='ltr'>ho-</span> 
     </span>
     <span class='ocr_line' id='line_1_52' title="bbox 876 2198 1581 2231; baseline -0.003 -1"><span class='ocrx_word' id='word_1_370' title='bbox 876 2199 976 2230; x_wconf 89' lang='lat' dir='ltr'>minis</span> <span class='ocrx_word' id='word_1_371' title='bbox 1006 2198 1073 2230; x_wconf 87' lang='lat' dir='ltr'>fuit</span> <span class='ocrx_word' id='word_1_372' title='bbox 1102 2201 1139 2231; x_wconf 93' lang='lat' dir='ltr'>L.</span> <span class='ocrx_word' id='word_1_373' title='bbox 1167 2200 1285 2230; x_wconf 85' lang='lat' dir='ltr'>Tillius</span> <span class='ocrx_word' id='word_1_374' title='bbox 1318 2199 1469 2230; x_wconf 83' lang='lat' dir='ltr'>Cimber.</span> <span class='ocrx_word' id='word_1_375' title='bbox 1502 2198 1581 2229; x_wconf 75' lang='lat' dir='ltr'>vid.</span> 
     </span>
     <span class='ocr_line' id='line_1_53' title="bbox 878 2248 1581 2290; baseline -0.001 -11"><span class='ocrx_word' id='word_1_376' title='bbox 878 2249 1011 2280; x_wconf 73' lang='lat' dir='ltr'>Ernesti</span> <span class='ocrx_word' id='word_1_377' title='bbox 1034 2250 1068 2280; x_wconf 87' lang='lat' dir='ltr'>in</span> <span class='ocrx_word' id='word_1_378' title='bbox 1093 2249 1186 2281; x_wconf 80' lang='lat' dir='ltr'>Clav.</span> <span class='ocrx_word' id='word_1_379' title='bbox 1204 2249 1317 2281; x_wconf 84' lang='lat' dir='ltr'>Cicer.</span> <span class='ocrx_word' id='word_1_380' title='bbox 1346 2254 1383 2280; x_wconf 90' lang='lat' dir='ltr'>et</span> <span class='ocrx_word' id='word_1_381' title='bbox 1407 2248 1464 2290; x_wconf 86' lang='lat' dir='ltr'>qui</span> <span class='ocrx_word' id='word_1_382' title='bbox 1481 2248 1524 2279; x_wconf 86' lang='lat' dir='ltr'>ab</span> <span class='ocrx_word' id='word_1_383' title='bbox 1541 2257 1581 2279; x_wconf 82' lang='lat' dir='ltr'>eo</span> 
     </span>
     <span class='ocr_line' id='line_1_54' title="bbox 878 2299 1070 2331; baseline 0.01 -2"><span class='ocrx_word' id='word_1_384' title='bbox 878 2299 1070 2331; x_wconf 87' lang='lat' dir='ltr'>laudantur.</span> 
     </span>
    </p>

    <p class='ocr_par' dir='ltr' id='par_1_12' title="bbox 875 2349 1584 2543">
     <span class='ocr_line' id='line_1_55' title="bbox 920 2349 1584 2391; baseline -0.002 -11"><span class='ocrx_word' id='word_1_385' title='bbox 920 2353 939 2380; x_wconf 76' lang='lat'><strong>7</strong></span> <span class='ocrx_word' id='word_1_386' title='bbox 975 2349 1055 2381; x_wconf 84' lang='grc' dir='ltr'>Οὐδὲ</span> <span class='ocrx_word' id='word_1_387' title='bbox 1084 2350 1225 2391; x_wconf 80' lang='grc' dir='ltr'>βαρεῖαν]</span> <span class='ocrx_word' id='word_1_388' title='bbox 1263 2351 1421 2391; x_wconf 78' lang='lat' dir='ltr'>Bryanus</span> <span class='ocrx_word' id='word_1_389' title='bbox 1453 2349 1584 2380; x_wconf 81' lang='lat' dir='ltr'>mavult</span> 
     </span>
     <span class='ocr_line' id='line_1_56' title="bbox 878 2399 1583 2437; baseline -0.004 -5"><span class='ocrx_word' id='word_1_390' title='bbox 878 2400 946 2432; x_wconf 80' lang='grc' dir='ltr'>οὐδὲ</span> <span class='ocrx_word' id='word_1_391' title='bbox 962 2403 1100 2437; x_wconf 81' lang='grc' dir='ltr'>βαθεῖαν.</span> <span class='ocrx_word' id='word_1_392' title='bbox 1137 2403 1232 2433; x_wconf 89' lang='lat' dir='ltr'>Plut.</span> <span class='ocrx_word' id='word_1_393' title='bbox 1259 2403 1358 2432; x_wconf 85' lang='lat' dir='ltr'>Brut.</span> <span class='ocrx_word' id='word_1_394' title='bbox 1387 2411 1417 2432; x_wconf 91' lang='lat' dir='ltr'>c.</span> <span class='ocrx_word' id='word_1_395' title='bbox 1445 2403 1515 2431; x_wconf 85' lang='lat'><strong>17.:</strong></span> <span class='ocrx_word' id='word_1_396' title='bbox 1545 2399 1583 2430; x_wconf 83' lang='grc' dir='ltr'>τὸ</span> 
     </span>
     <span class='ocr_line' id='line_1_57' title="bbox 875 2448 1583 2491; baseline -0.003 -10"><span class='ocrx_word' id='word_1_397' title='bbox 875 2451 961 2491; x_wconf 81' lang='grc' dir='ltr'>ξίφος</span> <span class='ocrx_word' id='word_1_398' title='bbox 985 2451 1138 2483; x_wconf 81' lang='grc' dir='ltr'>διελαύνει</span> <span class='ocrx_word' id='word_1_399' title='bbox 1160 2452 1215 2482; x_wconf 82' lang='grc' dir='ltr'>οὐκ</span> <span class='ocrx_word' id='word_1_400' title='bbox 1236 2450 1278 2482; x_wconf 82' lang='grc' dir='ltr'>εἷς</span> <span class='ocrx_word' id='word_1_401' title='bbox 1299 2450 1395 2486; x_wconf 81' lang='grc' dir='ltr'>βάθος</span> <span class='ocrx_word' id='word_1_402' title='bbox 1419 2450 1501 2490; x_wconf 83' lang='grc' dir='ltr'>παρὰ</span> <span class='ocrx_word' id='word_1_403' title='bbox 1526 2448 1583 2479; x_wconf 83' lang='grc' dir='ltr'>τὸν</span> 
     </span>
     <span class='ocr_line' id='line_1_58' title="bbox 875 2503 969 2543; baseline 0.011 -9"><span class='ocrx_word' id='word_1_404' title='bbox 875 2503 969 2543; x_wconf 75' lang='grc' dir='ltr'>ὦμον.</span> 
     </span>
    </p>

    <p class='ocr_par' dir='ltr' id='par_1_13' title="bbox 877 2550 1584 2701">
     <span class='ocr_line' id='line_1_59' title="bbox 919 2550 1583 2594; baseline -0.003 -10"><span class='ocrx_word' id='word_1_405' title='bbox 919 2557 938 2584; x_wconf 88' lang='grc'>8</span> <span class='ocrx_word' id='word_1_406' title='bbox 961 2553 1110 2594; x_wconf 82' lang='grc' dir='ltr'>Ἀδελφὲ]</span> <span class='ocrx_word' id='word_1_407' title='bbox 1133 2554 1270 2584; x_wconf 84' lang='lat' dir='ltr'>Fratres</span> <span class='ocrx_word' id='word_1_408' title='bbox 1287 2555 1384 2582; x_wconf 87' lang='lat' dir='ltr'>erant</span> <span class='ocrx_word' id='word_1_409' title='bbox 1402 2551 1491 2581; x_wconf 79' lang='lat' dir='ltr'>inter</span> <span class='ocrx_word' id='word_1_410' title='bbox 1509 2550 1583 2582; x_wconf 82' lang='lat' dir='ltr'>Cae-</span> 
     </span>
     <span class='ocr_line' id='line_1_60' title="bbox 877 2600 1584 2643; baseline -0.003 -9"><span class='ocrx_word' id='word_1_411' title='bbox 877 2604 960 2635; x_wconf 88' lang='lat' dir='ltr'>saris</span> <span class='ocrx_word' id='word_1_412' title='bbox 977 2613 1196 2643; x_wconf 80' lang='lat' dir='ltr'>percussores</span> <span class='ocrx_word' id='word_1_413' title='bbox 1211 2602 1314 2634; x_wconf 86' lang='lat' dir='ltr'>Publ.</span> <span class='ocrx_word' id='word_1_414' title='bbox 1332 2607 1368 2633; x_wconf 86' lang='lat' dir='ltr'>et</span> <span class='ocrx_word' id='word_1_415' title='bbox 1382 2601 1456 2634; x_wconf 90' lang='lat' dir='ltr'>Cai.</span> <span class='ocrx_word' id='word_1_416' title='bbox 1471 2600 1584 2633; x_wconf 85' lang='lat' dir='ltr'>Servi-</span> 
     </span>
     <span class='ocr_line' id='line_1_61' title="bbox 879 2653 1076 2701; baseline 0.005 -17"><span class='ocrx_word' id='word_1_417' title='bbox 879 2653 942 2684; x_wconf 92' lang='lat' dir='ltr'>lius</span> <span class='ocrx_word' id='word_1_418' title='bbox 958 2653 1076 2701; x_wconf 65' lang='lat' dir='ltr'>Casca.</span> 
     </span>
    </p>
   </div>
  </div>
 </body>
</html>
