1872 3104
337 247 450 287 2090
603 255 853 285 aucuns-us
888 253 1107 283 cumcun
1159 255 1200 283 c.
1233 253 1269 283 J.
1303 253 1534 283 dusinus.

334 365 493 406 copum
514 352 617 392 olim
638 351 914 404 pertinentes,
945 348 1121 390 tandem
1143 362 1243 390 vero
1265 348 1563 389 munificentia
1582 350 1702 401 regia
1729 351 1794 405 (n.

334 419 514 472 Georgii
538 418 671 471 IIdi.)
702 417 759 460 A.
785 412 909 459 1715.
937 418 981 458 in
1012 418 1232 470 publicam
1270 417 1588 458 Bibliothecam
1611 415 1796 458 Univer-

334 487 474 526 sitatis
502 483 687 525 Cantab.
716 485 961 534 translatos,
991 484 1278 525 numerandus
1307 487 1386 524 est.
1447 484 1597 525 Habet
1619 483 1798 525 Indices

334 552 612 604 marginales,
628 556 671 592 at
698 552 791 591 sine
811 553 939 592 notis.
981 550 1224 592 Membran.
1247 551 1383 592 illum.
1405 551 1524 591 circa
1545 550 1666 592 Cent.
1690 561 1797 592 xlv.

332 619 403 659 vel
426 629 508 659 xv.

392 685 454 726 N.
482 684 609 726 2649.
639 682 754 725 Caes.
785 683 1026 727 Comment.
1056 685 1174 727 Edit.
1201 686 1339 738 Lugd.
1367 687 1494 727 1574.
1555 686 1646 726 Hic
1668 684 1800 726 Liber

333 766 418 795 non
437 766 569 794 manu
590 755 795 793 exaratus
815 757 895 802 est,
924 752 999 793 sed
1020 753 1192 793 notulas
1214 753 1428 805 quasdam
1446 753 1572 794 utiles
1595 753 1799 802 continet,

335 835 436 875 quae
462 834 567 862 vero
594 819 650 860 ad
673 819 782 862 Bell.
803 818 1043 860 Alexandr.
1065 821 1143 859 διο.
1164 831 1247 859 non
1269 819 1465 861 attinent:
1496 834 1583 873 quo
1603 824 1798 869 auctore,

333 890 439 930 nihil
463 892 597 942 patet.

396 956 624 998 Hactenus
674 953 729 996 de
770 952 1038 996 Britannicis
1081 954 1239 1003 solum,
1285 958 1333 994 ut
1372 953 1672 1008 supradictum
1719 958 1801 1004 est,

337 1024 487 1073 codd„
517 1026 696 1074 exteris,
721 1028 769 1066 ut
794 1036 865 1064 res
886 1022 1118 1075 flagitavit,
1140 1024 1460 1076 praetermissis.
1504 1023 1800 1064 Nihilominus

335 1092 381 1131 in
411 1092 760 1144 praecedentibus
789 1103 918 1144 pagg.
953 1103 1182 1140 excursus,
1213 1104 1254 1130 n.
1286 1092 1391 1132 inter
1422 1090 1801 1139 Abbreviationes,

336 1162 381 1199 ct
401 1159 519 1209 talia,
537 1158 796 1200 Criticorum
817 1170 869 1198 ac
885 1156 1285 1199 Commentatorum
1315 1159 1427 1199 Mss.
1450 1158 1800 1206 describentium,

336 1227 492 1279 longus
525 1226 620 1268 fuit.
682 1226 820 1279 Igitur
849 1226 1020 1276 viatori,
1062 1239 1116 1266 ne
1154 1227 1320 1279 saepius
1359 1227 1401 1267 in
1431 1225 1677 1279 labyrintho
1710 1226 1801 1266 sine

339 1294 449 1335 duce
499 1295 676 1344 deerret,
705 1295 846 1336 lucem
895 1307 921 1334 a
951 1294 1005 1334 cl.
1044 1292 1360 1347 Oudendorpio
1399 1293 1683 1341 translatam,¹
1721 1303 1803 1332 non

339 1361 518 1415 quidem
549 1375 770 1417 magnam,
802 1362 880 1403 sed
902 1364 1065 1416 aptam,
1085 1365 1126 1401 et
1156 1374 1235 1414 pro
1255 1364 1372 1402 certo
1402 1361 1616 1411 idoneam,
1637 1363 1686 1401 -ut
1707 1359 1802 1413 jam

340 1429 552 1481 diximus,
575 1443 708 1485 supra
730 1430 944 1471 dedimus.

1000 1549 1136 1581 NOTAE

703 1617 709 1630 ¹
736 1615 834 1646 δῖοί-ιε
855 1613 917 1645 :nb
936 1613 1034 1645 tinen)
1054 1614 1123 1645 I’m
1134 1612 1270 1644 sationi:-
1289 1612 1445 1643 Oudmu.
