1872 3104
143 518 241 570 Ex
262 518 367 565 JO·
385 514 547 563 ALB.
571 508 885 560 FABRICII
917 506 1411 556 BIBLIOTHECA
1432 508 1589 557 LAT.

249 654 276 685 Α
301 653 371 686 JO.
390 652 498 684 AUG.
515 650 714 683 ERNESTI
739 649 938 681 AUCTIUS
962 648 1110 680 EDITA
1133 647 1251 680 TOM.
1270 648 1300 679 1.
1325 646 1430 679 CAP.
1448 650 1500 678 io.

622 941 664 978 C.
686 940 790 978 Julii
821 939 986 976 Caesaris
1014 941 1123 974 celas.

199 1074 244 1111 C.
264 1074 425 1111 JULms
455 1071 615 1109 CAESAR
639 1068 835 1113 'dictator‚
856 1066 1076 1117 eloquentia
1095 1064 1348 1114 doctrinaque
1364 1075 1440 1100 non
1461 1061 1601 1107 minus,

147 1149 261 1187 quam
281 1135 495 1174 incredibili
514 1133 655 1184 ingenii
675 1133 866 1182 animique
888 1132 936 1177 vi,
956 1132 1180 1180 ²rerumque
1200 1136 1391 1179 gestarum
1414 1126 1604 1176 magnitu-

147 1201 236 1238 dine
256 1200 497 1243 clarissimus‚
525 1204 616 1248 post
635 1198 778 1236 victum
801 1198 873 1235 Cn.
896 1195 1121 1245 Pompeium
1143 1199 1181 1231 et
1209 1204 1434 1242 oppressam
1455 1190 1608 1227 liberta·

147 1273 239 1309 tem,
261 1277 350 1302 cum
371 1275 519 1300 summa
550 1268 742 1311 potestate
773 1260 905 1311 paullo
944 1260 1043 1297 ultra
1074 1256 1366 1308 quadriennium
1407 1253 1605 1291 moderate

149 1328 238 1365 satis
253 1340 342 1364 usus
361 1326 507 1370 fuisset,
522 1325 559 1362 in
573 1325 680 1363 curia
696 1338 718 1361 a
731 1324 944 1373 conjuratis
959 1323 1162 1361 confossus
1178 1321 1297 1371 periit
1310 1319 1443 1357 Idibus
1458 1317 1608 1355 Martiis

149 1404 248 1430 anno
266 1390 381 1429 Urbis
399 1395 490 1433 710.
508 1395 595 1427 ante
610 1389 684 1427 Cb.
701 1394 766 1426 44.
783 1388 908 1425 aetatis
930 1387 993 1426 56.

1050 1387 1177 1424 Vitam
1194 1383 1356 1422 Caesaris
1372 1396 1394 1420 a
1411 1382 1609 1432 Stephano

149 1454 353 1492 Ambrosio
393 1453 690 1503 Schiappularia
729 1453 912 1503 scriptam
954 1451 1101 1496 Italice‚
1141 1449 1362 1497 editamque
1409 1449 1610 1496 Antwerp.

154 1522 268 1560 1578.
312 1516 448 1555 laudat
485 1516 602 1554 Gisb.
637 1517 994 1566 Cuperus³Exerc.
1014 1526 1064 1553 11.
1095 1514 1143 1551 de
1170 1510 1387 1562 elephantis
1417 1510 1455 1546 in
1485 1509 1611 1546 numis

196 1648 211 1675 1
239 1644 334 1675 Alius
362 1644 402 1675 C.
430 1644 542 1677 Julius
575 1645 690 1676 Caesar
720 1643 856 1683 Strabo,

154 1695 250 1726 Lucii
266 1695 303 1726 F.
320 1699 437 1725 orator
451 1694 676 1733 suavissimus,
689 1694 782 1734 cujus
802 1702 855 1730 ge-

134 1746 215 1776 ‘nus
229 1744 431 1785 eloquentiae
449 1748 583 1774 secutus
597 1748 648 1773 est
660 1744 773 1774 Caesar
786 1742 855 1773 dic-

154 1800 257 1834 tator,
287 1805 362 1825 eum
393 1795 503 1826 adhuc
531 1795 726 1825 adolescens
756 1797 855 1823 esset.

154 1847 242 1877 Vide
265 1846 430 1877 Pitiscum
458 1846 499 1875 ad
524 1844 676 1876 Suetonii
704 1844 811 1883 Calig.
827 1853 856 1874 c.

153 1897 218 1928 ult.
233 1896 376 1927 Caesaris
393 1896 567 1927 dictatoris
581 1897 682 1926 vitam
697 1904 715 1925 e
733 1894 856 1925 veteri-

155 1947 216 1978 bus
240 1947 380 1977 tradunt
399 1947 613 1985 Plutarchus,
632 1947 712 1985 Dio,
738 1945 858 1975 Sueto-

157 1998 244 2037 nius,
267 2002 313 2037 et,
336 1997 377 2028 ‹le
403 2007 467 2038 quo
490 1995 579 2026 infra
603 1996 726 2034 dicam,
747 1995 860 2026 Julius

159 2048 289 2078 Celsus.
335 2048 450 2086 Longe
468 2046 580 2086 plures
598 2045 859 2076 interciderunt.

158 2096 316 2128 Sidonius
342 2096 549 2137 Apollinaris
583 2096 624 2127 ad
654 2095 863 2135 Burgundio-

160 2156 239 2178 nem
255 2146 328 2187 (qui
345 2146 478 2176 laudem
493 2147 636 2177 Caesaris
652 2146 735 2178 Julii
759 2146 863 2185 scrip-

162 2194 269 2235 serat)
308 2205 355 2226 1x.
384 2198 433 2227 14.
465 2197 474 2212 ‘
496 2196 582 2226 Nam
606 2196 633 2226 si
663 2196 865 2226 omittantur

163 2257 239 2289 quae
255 2246 297 2277 de
315 2246 421 2277 titulis
431 2246 620 2277 Dictatoris
631 2246 750 2277 invicti
764 2246 868 2286 scrip-

163 2303 200 2330 ta
216 2299 390 2329 Patavinis
405 2303 483 2329 sunt
512 2298 735 2328 voluminibus
759 2297 808 2336 [in
829 2299 867 2328 T.

165 2348 253 2380 Livii
276 2349 368 2378 libris
406 2349 633 2379 Historiarum
663 2347 866 2388 deperditis]

166 2398 241 2440 quis
271 2408 375 2438 opera
404 2398 567 2436 Suetonii,
605 2398 679 2438 quis
723 2398 867 2429 Juvenci

165 2448 335 2479 hiartialis
367 2448 562 2486 ilistoriani,
578 2448 719 2489 quisque
746 2448 787 2477 ad
813 2458 868 2478 ex-

166 2502 310 2530 tremum
341 2498 438 2527 Balbi
470 2499 730 2538 Ephemeridem
763 2498 867 2529 fando

166 2549 426 2590 adaequaverit?
476 2550 574 2579 Hunc
611 2551 751 2580 Balbum
780 2550 868 2580 haud

167 2599 337 2630 diversum
351 2610 422 2629 esse
437 2609 455 2628 a
468 2599 577 2629 Balbo
594 2601 750 2630 Cornelio
763 2600 871 2629 Theo-

168 2650 290 2691 phane,
323 2649 419 2689 cujus
455 2650 607 2680 meminit
647 2650 872 2689 Capitolinus,

171 2700 333 2731 adversus
350 2700 459 2730 Vossii
476 2701 508 2730 in
532 2701 622 2731 Hist.
642 2701 717 2731 Lat.
743 2706 875 2731 senten-

172 2749 255 2782 tiam
275 2755 368 2783 recte
389 2750 604 2782 observatum
629 2755 682 2781 cst
704 2750 813 2781 Baelio
841 2751 875 2781 in

1342 1639 1480 1669 Primus
1504 1637 1615 1668 Caesa-

911 1703 984 1723 rum
1001 1704 1019 1723 a
1036 1702 1123 1724 caeso
1147 1692 1264 1723 matris
1282 1695 1378 1722 utero
1397 1689 1520 1727 dictus,
1538 1697 1617 1719 auc-

911 1748 984 1774 tore
1001 1743 1113 1773 Plinio
1127 1752 1190 1773 vu.
1208 1745 1239 1772 9.
1253 1742 1306 1772 vel
1324 1751 1343 1771 a
1357 1750 1443 1771 caeso
1457 1740 1616 1779 elephan-

911 1799 959 1832 to,
972 1794 1028 1835 qui
1041 1794 1156 1833 lingua
1170 1793 1366 1823 Maurorum
1378 1791 1506 1829 Caesar,
1519 1790 1620 1829 Spar-

911 1845 994 1875 tian.
1010 1844 1042 1874 in
1059 1845 1150 1874 Vero
1167 1854 1196 1874 c.
1213 1846 1244 1873 2.
1291 1844 1405 1873 Caesar
1430 1842 1531 1872 etiam
1560 1840 1617 1871 de-

912 1899 1009 1925 notat
1021 1893 1076 1924 τὺν
1085 1895 1262 1933 κουριῶντα,
1273 1892 1476 1930 coesariatum,
1485 1890 1543 1931 qui
1555 1899 1618 1920 cae-

916 1945 1034 1975 sariem
1064 1944 1179 1982 habet,
1210 1949 1247 1973 ut
1278 1947 1375 1973 notat
1410 1942 1549 1972 Salmas.
1575 1940 1617 1971 de

916 1996 1019 2026 Coma
1037 2005 1069 2035 p.
1087 1997 1162 2025 329.
1220 1993 1355 2024 Deinde
1379 1993 1411 2022 iu
1437 1992 1521 2023 Julii
1546 1992 1620 2023 Cae-

917 2046 1001 2076 saris
1016 2046 1178 2076 honorem
1191 2045 1344 2075 Caesares
1362 2042 1521 2082 dicti‚qui
1534 2051 1621 2072 sum-

917 2106 1006 2127 mum
1033 2095 1211 2136 imperium
1237 2098 1423 2134 gererent:
1449 2097 1538 2132 post,
1564 2091 1621 2133 qui

919 2147 1060 2186 collegoe
1092 2145 1226 2185 imperii
1254 2149 1367 2175 essent
1402 2142 1555 2181 assumti,
1586 2145 1624 2172 ut

921 2198 1066 2228 Carsaris
1104 2205 1227 2226 nomen
1274 2193 1457 2224 secundum
1490 2191 1624 2232 imperii

922 2247 1062 2288 gradum
1095 2244 1312 2286 significaret,
1344 2250 1378 2274 ut
1409 2252 1531 2274 nomen
1557 2241 1625 2272 Au-

924 2298 1013 2339 gusti
1030 2298 1184 2337 primum.
1230 2296 1317 2326 vide
1339 2295 1459 2325 Ezecli.
1477 2292 1625 2333 Spanhe-

921 2348 1022 2379 mium
1047 2348 1089 2378 de
1115 2357 1174 2378 usu
1198 2346 1435 2377 numismatum
1460 2345 1540 2375 diss.
1557 2351 1625 2374 ΧΠ.

920 2401 958 2430 Τ.
977 2409 1016 2430 11.
1032 2399 1115 2429 edit.
1133 2408 1228 2428 nova?
1247 2408 1278 2436 p.
1294 2400 1369 2427 35-1.

965 2452 984 2480 2
1019 2448 1145 2480 Confer
1176 2447 1324 2478 Plinium
1357 2455 1422 2476 vu.
1447 2448 1499 2475 25.
1534 2443 1626 2474 Hist.

921 2501 1004 2531 Nat.

966 2552 984 2580 3
1008 2550 1091 2579 'rom
1108 2557 1163 2579 ιιι.
1179 2546 1343 2577 Thesauri
1373 2544 1449 2575 novi
1474 2542 1629 2584 Antiqui-

926 2604 1034 2629 tatum
1070 2599 1167 2628 Rom.
1197 2596 1435 2635 Salleugriaui.
1491 2596 1628 2625 Recusae

929 2649 1032 2680 etiam
1056 2648 1308 2678 Veronensibus
1334 2654 1423 2687 typis
1442 2657 1470 2676 a.
1490 2649 1582 2676 1600.
1597 2647 1630 2675 4.

930 2697 1208 2738 Schiuppallariae
1234 2697 1329 2736 liujus
1371 2694 1629 2726 observationes

930 2749 1078 2790 politicae
1095 2748 1129 2778 iu
1142 2748 1286 2779 Caesaris
1300 2748 1416 2778 vitam.

910 1643 994 1673 Lex.
1011 1642 1065 1673 ubi
1083 1642 1126 1673 de
1150 1642 1298 1673 Caesare.
