1872 3104
617 201 657 230 c.
687 195 819 229 sumi
851 196 1084 228 cAESAnis.
1471 188 1583 231 2047

185 299 360 340 «luentem
380 297 644 338 Secretarium.
704 296 870 344 Adjecta
900 302 986 333 sunt
1020 298 1068 333 Α.
1091 295 1213 334 Hircii
1243 300 1310 332 aut
1341 296 1434 345 Opii
1467 299 1584 336 Com-

186 365 449 402 mentariorurn
471 362 518 399 de
540 361 641 398 bello
663 360 835 409 Hispano
855 360 938 397 libri
964 371 1021 399 ιν.
1041 372 1081 396 ν.
1098 371 1161 397 vl.
1183 367 1221 398 et
1241 360 1336 396 liber
1355 366 1515 398 octavus
1534 362 1580 398 de

187 428 286 466 bello
306 426 573 464 Gallico.-ln
596 424 687 462 tine:
720 429 729 443 ‘
745 426 856 461 Anno
889 424 1032 460 Christi
1061 433 1391 461 MCCCCLxxvll.
1414 423 1475 460 die
1497 437 1583 462 vcro

185 501 229 528 x.
250 490 388 527 mensis
412 489 604 526 Februarii
638 489 710 526 hoc
747 501 845 538 opus
880 488 1081 536 diligenter
1111 486 1373 531 emendatum,
1397 489 1586 526 Antonius

182 553 365 591 Zarothus
385 553 611 595 Parmensis,
635 553 750 601 hujus
772 552 969 601 praeelarae
989 552 1079 588 artis
1112 551 1296 600 Magister
1322 551 1583 600 politissimu3‚

184 629 297 667 quam
337 617 502 653 maxima
539 616 666 666 potuit
700 615 896 665 diligentia
929 615 1148 664 impressit.'
1204 616 1406 664 Sequitur:
1440 617 1586 654 ‘ludex

181 681 552 719 Commentariorum
575 680 619 717 C.
641 680 733 717 Julii
755 679 918 717 Caesaris
937 685 975 716 et
996 692 1124 716 earum
1146 693 1286 724 rerum,
1309 693 1404 729 quas
1425 680 1472 717 ad
1495 695 1587 731 cog-

182 745 365 782 nitionem
387 744 564 789 Urbium,
588 744 801 781 Fluminum
832 750 868 781 et
903 744 1108 788 Locorum,
1141 744 1197 781 vir
1225 744 1456 781 clarissimus
1487 745 1589 795 Ray-

181 809 346 846 mundus
387 808 596 846 Marlianus
636 808 791 853 invenit,
831 814 948 858 atque
986 807 1377 846 edidit.’-Maiuair.
1418 821 1458 857 p.
1491 812 1583 851 374.

183 873 328 910 Panzer
345 873 393 910 T.
418 883 467 909 11.
491 886 529 922 p.
553 878 616 910 28.

136 943 234 980 1478
265 936 562 973 Mediolanensis
586 947 635 972 11.
667 935 734 972 fol.
767 936 812 972 C.
843 934 933 973 Julii
953 933 1116 971 Caesaris
1138 934 1413 971 commentarii
1447 937 1509 982 (ex
1529 947 1588 972 re-

184 1013 285 1038 cens.
320 1001 421 1038 Petri
452 1001 590 1038 Justini
626 999 849 1048 Philelphi.)
877 999 920 1035 In
954 997 1050 1036 fine:
1082 1000 1224 1035 ‘Anno
1252 998 1391 1035 Christi
1422 1009 1590 1037 Mcccc-

187 1075 381 1102 LXXVIII.
414 1071 523 1102 sexto
557 1064 647 1100 Idus
670 1063 819 1112 Apriles
843 1063 1043 1112 Philippus
1078 1062 1274 1111 Lauagnia
1305 1063 1590 1101 Commentaria

183 1128 343 1166 Caesaris
363 1128 526 1178 imprimi
546 1127 637 1165 fecit
666 1127 906 1165 Mediolani!
962 1127 1145 1176 Sequitur
1166 1126 1387 1177 Raymundi
1409 1127 1588 1164 Marliani

184 1191 303 1229 Index
323 1191 708 1230 1·eruni.-Maittair.
729 1204 769 1240 p.
791 1196 883 1235 378.
913 1191 1057 1228 Panzer
1075 1191 1127 1227 T.
1146 1201 1197 1227 11.
1218 1204 1256 1240 p.
1279 1197 1344 1230 31.
1365 1204 1424 1241 sq.

135 1261 235 1294 1480
263 1255 479 1292 Tarvisina.
510 1254 578 1291 fol.
602 1269 632 1291 s.
653 1262 691 1292 4.
730 1255 775 1292 C.
805 1255 896 1292 Julii
928 1254 1089 1292 Caesaris
1111 1254 1384 1292 Commentarii
1416 1254 1464 1292 de
1485 1255 1585 1293 bello

185 1319 338 1356 Gallico
358 1319 446 1356 libri
468 1329 547 1356 Vll.
599 1319 657 1356 De
678 1319 780 1356 bello
801 1319 903 1356 civili
922 1319 1007 1356 libri
1029 1330 1100 1357 111.
1158 1319 1245 1357 Auli
1272 1319 1387 1356 Hirtii
1407 1325 1475 1356 aut
1496 1319 1588 1368 Opii

184 1383 468 1420 commentaria
492 1383 539 1420 de
567 1383 676 1421 bellis
705 1384 975 1429 Alexandrino,
1011 1383 1254 1432 Hispaniensi
1280 1391 1317 1420 et
1345 1382 1479 1420 Africo
1499 1382 1587 1419 libri

187 1457 246 1483 iv,
281 1456 321 1482 V.
354 1453 391 1483 et
426 1457 488 1483 VI.
522 1447 761 1496 recognitore
796 1448 1035 1498 Hieronymo
1056 1448 1229 1484 Bononio
1262 1447 1484 1484 Tarvisano.
1542 1448 1588 1483 In

185 1509 287 1549 fine:
335 1511 737 1548 ‘Commentariorum
776 1510 825 1548 de
866 1512 966 1548 bello
1009 1511 1164 1548 Gallico
1203 1510 1314 1548 Civili
1354 1510 1591 1559 Pompeiano

185 1573 446 1611 Alexandrino
484 1573 745 1623 Hispaniensi:
776 1580 814 1611 et
852 1574 985 1612 Africo
1024 1574 1120 1611 liber
1151 1574 1304 1611 ultimus
1340 1572 1448 1611 finit:
1481 1574 1590 1618 Quos

186 1637 355 1674 Michael
394 1638 638 1675 Manzolinus
675 1639 889 1676 Parmensis
927 1638 1184 1675 Librariorum
1218 1638 1486 1675 solertissimus
1520 1651 1590 1676 suo

188 1708 341 1750 sumptu
369 1700 448 1738 fieri
468 1703 611 1740 curavit
629 1703 794 1740 Tarvisii
813 1705 927 1740 Anno
947 1703 1094 1740 Gratiae
1117 1713 1413 1740 MCCCCLxxx.
1464 1701 1590 1740 Pridie

189 1763 386 1802 Kalendas
419 1765 625 1808 Quintilis!
681 1768 863 1815 Sequitur
896 1766 1069 1815 Epistola
1101 1766 1258 1803 editoris
1293 1766 1340 1802 ad
1376 1765 1587 1803 Antonium

187 1828 369 1865 Zoianum
409 1829 702 1873 Vincentinunn
741 1830 905 1867 Carmen
944 1829 1117 1877 ejusdem
1160 1829 1321 1866 Bononii
1359 1830 1394 1865 in
1434 1829 1590 1867 laudem

186 1891 370 1934 Caesaris;
401 1892 531 1929 tabula
556 1893 770 1942 Raymundi
797 1893 1106 1930 Marliani.—De
1125 1906 1208 1930 rara
1231 1893 1301 1930 hac
1323 1892 1489 1930 editione
1510 1893 1590 1931 vid.

186 1955 339 1993 Goe'tzii
372 1957 491 1993 Mem.
527 1956 622 1993 bibl.
658 1957 864 1994 Dresdens.
889 1967 917 1994 1.
939 1969 976 2005 p.
1004 1962 1090 1994 154.
1131 1956 1192 1993 Cf.
1229 1956 1412 1993 Maittair.
1435 1970 1475 2006 p.
1498 1956 1591 1995 406.

185 2019 333 2057 Panzer
352 2021 401 2057 T.
426 2031 496 2057 111.
518 2033 557 2070 p.
580 2025 644 2064 57.
677 2020 825 2057 Harles.
847 2020 883 2057 in
905 2020 1038 2070 Suppl.
1059 2019 1107 2056 ad
1130 2020 1240 2057 Brev.
1263 2020 1355 2057 Not.
1378 2019 1451 2058 Lit.
1474 2021 1588 2060 Rom.

189 2082 231 2118 P.
251 2093 280 2119 1.
302 2096 338 2131 p.
359 2084 449 2124 267.

139 2151 238 2185 1482
268 2147 414 2184 Veneta
438 2159 486 2186 11.
516 2147 582 2184 foi.
604 2148 720 2185 Char.
747 2161 841 2185 rom.
860 2161 976 2186 crass.
1008 2154 1017 2168 ‘
1035 2149 1079 2186 C.
1099 2148 1194 2186 Julii
1213 2148 1374 2185 Caesaris
1394 2161 1591 2186 commen-

188 2211 370 2247 tariorum
402 2211 449 2248 de
471 2211 571 2248 bello
591 2211 731 2260 gallico
751 2212 838 2248 libri
859 2223 941 2249 vil.
964 2225 1049 2249 cum
1071 2210 1332 2249 additionibus
1356 2212 1491 2249 Hircii.
1511 2213 1590 2250 Jul.

188 2273 295 2311 Caes:
326 2281 586 2312 commentar:
626 2274 674 2311 de
697 2275 796 2312 bello
817 2276 921 2312 civili
942 2275 1026 2313 libri
1048 2287 1117 2313 111.
1166 2275 1218 2312 A.
1245 2275 1359 2312 Hirtii
1393 2282 1460 2312 aut
1494 2276 1590 2325 Opii

189 2345 445 2375 commentar:
476 2339 522 2375 de
545 2340 645 2375 bello
667 2339 881 2376 Alexandr:
912 2340 1008 2376 liber
1039 2350 1098 2376 lv,
1156 2339 1269 2376 Hirtii
1288 2346 1354 2376 aut
1374 2340 1466 2388 Opii
1489 2353 1592 2376 com-

189 2409 357 2439 mentar:
390 2403 435 2439 de
469 2402 568 2439 bello
602 2402 738 2440 Afric:
771 2403 867 2439 liber
886 2414 924 2440 V.
984 2403 1097 2440 Hirtii
1125 2410 1190 2440 aut
1219 2403 1310 2451 Opii
1331 2410 1589 2440 commentar:

190 2464 239 2502 de
260 2464 359 2501 bello
382 2465 542 2515 hispan:
574 2466 667 2502 liber
689 2469 761 2503 VI!
819 2467 915 2504 Haec
942 2467 978 2503 in
1009 2467 1146 2504 fronte.
1206 2468 1246 2503 In
1281 2466 1372 2505 fine:
1406 2468 1592 2516 ‘Impres-

191 2540 273 2564 sum
309 2528 476 2565 Venetiis
509 2542 626 2578 opera
658 2538 695 2565 et
730 2531 906 2578 expensis
940 2532 1141 2568 Octaviani
1175 2531 1281 2567 Senti
1316 2530 1591 2567 Mndoetiensis

191 2602 528 2630 mcccci.xxx11.
562 2603 647 2629 xil.
680 2592 873 2629 Kalendas
903 2594 1167 2642 Septembris.'
1231 2593 1414 2641 Sequitur
1444 2593 1591 2631 ‘ludex

191 2654 565 2693 Commentariorum
591 2656 637 2693 C.
656 2656 745 2692 Julii
765 2656 928 2693 Caesaris
949 2664 986 2693 et
1006 2670 1135 2693 earnm
1157 2670 1294 2701 rerum,
1315 2671 1411 2707 quas
1431 2657 1479 2695 ad
1500 2671 1591 2709 cog-

191 2718 372 2758 uitionem
416 2720 567 2758 urbium
613 2726 651 2758 et
682 2719 882 2759 fluminum
920 2727 959 2759 et
988 2721 1162 2759 locorum
1198 2722 1254 2758 vir
1283 2721 1513 2760 clarissimus
1551 2729 1591 2760 et
