1872 3104
723 204 1058 235 LATlNl‘rA'rls.

195 312 204 333 ι
338 322 348 333 .

152 304 450 383 Ηαὲἔαῗῖιὲῗπίηιιω,
465 338 590 381 primus
605 338 689 370 ordo
709 339 843 379 (centu-

192 387 258 426 ria)
272 387 479 416 hastatorum
494 382 522 413 C
537 382 559 420 i,
574 384 626 412 46.
659 382 845 413 Constabat

191 434 303 460 autem
325 425 414 465 legio
437 424 517 455 olim
540 424 694 464 hastatis,
721 425 843 464 princi-

191 470 300 510 pibus,
316 466 454 505 triariis,
470 467 542 497 Liv.
561 466 630 507 viii,
646 470 677 498 8.

149 511 300 542 Han-idus
313 508 475 539 libertinus
492 508 546 539 Af.
564 511 616 539 19.

146 553 380 623 Hippotzgtotoe,
398 551 566 592 sagittarii
589 550 723 592 equites
746 550 774 582 C
797 550 844 591 iii,

186 597 217 625 4.
239 593 270 624 A
290 596 366 624 ..19.

145 636 246 667 Homo
260 637 433 667 adolescens
448 636 480 668 G
497 636 542 675 vi,
556 639 608 667 28.
652 635 737 666 homo
763 634 843 665 Gal-

185 679 234 709 lus
248 678 280 709 G
297 678 333 717 ii,
349 681 401 709 30.
441 679 528 709 homo
543 678 684 709 honestus
700 678 732 709 G
749 678 772 717 i,
789 680 842 709 53.

184 720 331 759 homines,
347 721 483 760 pedites
500 722 527 752 C
543 721 578 760 ii,
595 724 647 752 39.

144 761 294 802 Honeste,
309 772 375 793 non
391 763 614 803 ignominiose
631 762 687 795 Af.
703 765 756 794 31.

145 805 317 843 nonestus,
331 805 387 846 qui
404 816 533 837 summo
545 806 622 837 loco
639 810 692 836 est
707 805 740 835 in
762 804 843 836 civi-

186 851 258 879 tate
285 848 317 879 G
335 848 358 886 i,
373 851 427 879 53.
465 848 572 879 nobili
598 847 723 879 familia
737 852 843 887 ortus,

184 895 223 921 ut
249 890 440 929 Senatoria‚
464 891 622 932 Equestri
645 890 708 931 Ci,
724 893 776 922 61.
807 890 842 930 ii,

184 935 217 963 5.
260 933 402 963 honestus
414 933 503 964 miles
516 934 545 965 C
557 933 580 973 i,
595 935 649 964 20.

145 973 245 1005 Horoe
258 975 321 1006 diei
337 975 369 1006 G
386 975 408 1013 i,
423 977 477 1007 26.

140 1017 275 1047 Hortari
285 1027 372 1058 pass.
390 1017 424 1048 H
442 1020 471 1049 1.
485 1017 576 1049 Gen.
593 1018 639 1050 N.
654 1016 699 1048 A.
714 1027 773 1055 xv,
789 1017 841 1050 13.

143 1058 296 1089 Hei-tatio
312 1059 342 1090 A
361 1062 413 1091 10.

142 1100 332 1132 Humanitas
342 1102 459 1141 gentis,
474 1110 584 1133 mores
601 1111 668 1134 non
690 1101 842 1142 barbari,

183 1152 253 1175 non
279 1143 360 1175 feris
392 1144 497 1185 digni,
519 1144 579 1175 sed
611 1145 728 1186 quales
760 1150 840 1177 sunt

184 1186 334 1226 gentium
350 1187 516 1218 cultarum
534 1187 566 1218 G
583 1187 606 1227 i,
622 1190 653 1219 1.

141 1228 314 1260 Humanas
326 1234 379 1261 est
392 1230 478 1270 ejus,
489 1229 559 1270 qui,
571 1229 702 1262 fractus
714 1229 840 1261 ultimis

181 1271 338 1311 miseriis,
368 1272 619 1312 subjectissime
645 1273 796 1313 loquitur
812 1273 840 1304 C

184 1313 208 1351 i,
221 1316 274 1344 85.
320 1315 409 1345 Item
426 1315 512 1354 ejus,
528 1315 584 1355 qui
600 1315 729 1346 viribus
756 1314 839 1346 infe-

182 1355 251 1387 rior
271 1361 325 1387 est
354 1357 464 1388 altero
487 1357 519 1388 G
535 1367 568 1396 v,
582 1360 636 1388 27.
681 1357 775 1389 Hinc
797 1358 840 1388 ci-

179 1399 262 1428 vitas
285 1399 412 1430 humilis
438 1399 470 1431 G
502 1399 548 1436 iv,
573 1402 605 1431 3.
630 1409 664 1439 v,
691 1401 745 1432 28.
784 1401 840 1432 cui

181 1440 283 1480 ampla
295 1444 325 1472 et
347 1441 514 1477 fortunata
529 1442 560 1472 G
575 1442 633 1481 vii,
652 1444 705 1473 54.
736 1452 842 1483 oppo-

180 1482 283 1514 nitur.
326 1482 422 1516 Πόλις
432 1483 572 1525 ταπεινὴ,
587 1484 695 1516 Isocr.
707 1485 839 1526 Paneg.

181 1533 214 1556 c.
236 1527 291 1558 26.

460 1653 537 1694 1‚J

139 1736 263 1766 Jacere.
289 1734 343 1767 ef.
356 1745 468 1776 agger.

137 1778 266 1809 Jactare
296 1778 433 1809 liberius
457 1782 494 1810 et
507 1777 629 1820 'palam
656 1779 785 1818 dicere,
802 1786 842 1814 ut

180 1820 377 1852 innotescat
407 1821 439 1852 G
466 1822 490 1860 i,
514 1824 566 1853 18.
615 1822 741 1860 jactare
770 1822 840 1856 bra-

180 1862 294 1902 chium,
309 1863 543 1895 vehementius
559 1873 694 1896 movere
708 1864 773 1905 Gi,
784 1868 839 1899 25.

137 1905 272 1936 Jactura
285 1905 551 1947 (pecuniarum),
563 1907 605 1938 de
619 1906 760 1947 profusa
774 1909 840 1940 lar-

181 1947 311 1988 gitione
337 1948 428 1988 Gvi,
455 1951 507 1979 12.
532 1949 624 1989 ciii,
655 1953 730 1982 112.
779 1951 838 1984 sie

180 1989 426 2022 Graecidicunt
445 1990 615 2031 προΐεσθαι,
636 1991 679 2022 de
693 1992 839 2025 honesta

181 2032 283 2063 etiam
299 2033 527 2064 liberalitate:
550 2034 656 2065 Thuc.
673 2033 711 2072 ii,
726 2037 779 2067 43.
803 2040 839 2068 et

140 2073 789 2160 105m33{.{⁸¹3¹11¹‘³2¹¹.2:¹¹¹.23‚3‚‘3.3.22.
804 2120 837 2152 G

182 2157 242 2197 vii,
257 2161 310 2189 25.
351 2159 529 2197 gladiorum
551 2160 587 2191 H
601 2163 654 2192 17.
695 2171 757 2192 uno
771 2163 838 2194 ictu

183 2201 368 2232 contundere
380 2199 439 2232 Af.
452 2204 504 2232 18.

141 2242 301 2282 Idoneum,
325 2247 566 2284 opportunum,
580 2244 664 2276 utile
681 2245 769 2286 Giv,
783 2249 837 2279 21.

140 2284 287 2323 Ignotum
316 2288 488 2325 peccatum,
523 2286 752 2319 condonatum
777 2288 836 2321 Af.

140 2368 450 2409 llligata,invicem,
467 2370 668 2411 colligataG
679 2371 726 2411 iv,
748 2375 801 2404 17.

140 2411 375 2451 Impedimenta,
404 2413 574 2454 animalia,
600 2423 676 2455 quae
703 2419 838 2454 gestant

183 2453 440 2494 impedimenta,
461 2459 499 2487 et
523 2456 559 2487 in
587 2455 839 2497 impedimentis

182 2501 262 2526 sunt
274 2496 306 2527 G
322 2496 381 2536 vii,
394 2499 448 2528 45.

142 2537 308 2577 Impedire‚
331 2539 421 2578 palus
441 2539 569 2579 impedit
590 2541 700 2580 locum,
726 2542 842 2573 reddit

182 2580 251 2610 iter
276 2590 338 2620 per
360 2581 471 2611 locum
493 2581 630 2613 difficile
653 2583 687 2613 G
706 2583 764 2622 vii,
786 2587 839 2614 57.

182 2621 273 2653 Hinc
290 2623 453 2662 impeditus
467 2624 561 2663 locus,
585 2625 686 2664 sylvis
710 2626 840 2665 paludi-

182 2663 312 2705 busque
328 2666 447 2705 plenus
463 2666 495 2697 G
513 2666 562 2707 iii,
577 2669 631 2699 28.
653 2667 726 2708 imp.
742 2668 840 2707 sylva,

182 2706 225 2736 ad
240 2716 340 2748 quam
362 2712 506 2748 propter
531 2708 671 2749 paludes
697 2708 839 2741 difficul-

185 2752 239 2781 ter
253 2748 338 2782 adiri
353 2754 469 2791 potest
485 2750 517 2783 G
535 2761 566 2792 v,
588 2755 641 2784 21.
676 2752 750 2793 imp.
773 2763 837 2785 ma-

1551 199 1595 240 lv

935 306 1002 336 nus,
1028 305 1103 338 quae
1131 295 1257 338 aliquid
1281 297 1481 336 prehensum
1499 303 1593 333 tenet

937 340 968 371 G
986 339 1008 378 i,
1022 342 1075 370 25.
1097 339 1173 379 imp.
1195 338 1368 378 navigatio,
1391 339 1536 372 difficilis
1559 343 1592 374 G

937 381 984 421 iii,
998 384 1029 413 9.
1074 381 1235 420 Ιηιρεάἰιί,
1257 381 1292 411 in
1314 379 1452 412 flumine
1468 382 1595 414 haeren-

937 428 987 454 tes
1003 424 1035 456 G
1053 423 1088 461 ii,
1103 426 1144 454 23
1161 428 1197 454 et
1212 426 1243 453 9.
1261 422 1305 454 cf.
1323 423 1405 454 ibid.
1422 434 1453 455 c.
1473 426 1524 455 10.
1560 426 1594 456 in

936 466 1036 497 medio
1048 466 1183 506 flumine
1196 466 1316 496 tardius
1330 466 1386 497 ire.
1419 466 1544 497 Rursus
1562 468 1594 498 G

937 507 984 547 iv,
998 511 1051 540 26.
1075 508 1132 549 qui
1149 508 1182 538 in
1198 517 1285 548 aqua
1304 509 1470 540 haerentes
1493 507 1595 539 firmi-

937 554 991 581 ter
1017 550 1174 581 insistere
1202 555 1394 591 nequeunt:
1420 551 1500 582 item
1524 551 1556 582 G
1574 551 1597 592 i,

937 595 988 624 12.
1013 593 1083 634 qui,
1109 591 1244 624 flumine
1270 593 1470 633 trajiciendo
1493 602 1594 625 occu-

937 635 1020 674 pati,
1036 635 1078 666 ad
1096 636 1248 675 praelium
1277 644 1343 666 non
1371 635 1482 676 parati
1503 640 1594 668 sunt.

935 678 1069 708 Animus
1085 677 1251 717 impeditus
1267 677 1298 709 G
1316 688 1349 717 v,
1365 681 1396 709 7.

893 720 1062 760 Imperare,
1088 730 1175 751 arma
1199 720 1340 760 imperat,
1367 720 1424 760 qui
1446 724 1594 752 armatos

936 762 976 793 ad
997 762 1121 793 bellum
1138 763 1319 794 convenire
1335 762 1436 802 jubet
1465 763 1492 794 C
1515 763 1538 802 i,
1561 766 1594 794 5.

934 805 1051 836 milites
1064 805 1209 844 imperat,
1226 804 1281 845 qui
1298 813 1355 835 eos
1370 804 1461 835 mitti
1485 814 1512 835 s.
1535 814 1595 836 ex-

934 847 1043 878 hiberi
1056 847 1162 887 jubet
1177 846 1250 886 Gi,
1266 849 1297 877 7.

892 888 1066 929 Imperator
1081 893 1159 928 post
1179 888 1358 920 victoriam
1383 889 1552 929 appellatus
1567 889 1596 921 C

935 931 970 970 ii,
985 934 1039 962 26.
1056 931 1091 962 Η
1108 933 1159 961 19.
1176 930 1245 961 vid.
1259 930 1345 962 Tac.
1362 930 1405 962 A.
1422 931 1471 971 iii,
1486 934 1539 963 74.

892 973 1028 1013 Imperia
1037 983 1127 1010 nova,
1143 982 1220 1004 cum
1235 972 1343 1004 forma
1358 973 1508 1005 civitatis
1523 983 1594 1005 mu-

934 1019 1040 1056 tatur,
1055 1016 1138 1047 alius
1153 1015 1230 1047 Rex
1245 1016 1384 1056 eligitur
1399 1016 1431 1048 G
1447 1016 1483 1057 ii,
1500 1019 1530 1049 1.
1591 1024 1596 1028 ·

892 1056 1073 1098 Imperitus,
1086 1058 1284 1099 imprudens
1300 1059 1328 1090 C
1341 1058 1364 1097 i,
1381 1061 1433 1089 86.

892 1100 1076 1141 Impetrare,
1093 1105 1211 1141 rogata
1225 1101 1381 1142 accipere
1398 1100 1431 1131 G
1448 1100 1472 1139 i,
1485 1103 1519 1131 9.

892 1143 1063 1183 Implet-ure
1077 1143 1231 1174 mavilium
1244 1143 1282 1174 ab
1296 1145 1396 1183 aliquo
1411 1143 1443 1174 G
1459 1143 1481 1183 i,
1496 1145 1551 1175 31.

892 1185 1065 1225 [inportare
1086 1186 1129 1217 de
1156 1186 1338 1226 mercibus,
1359 1184 1495 1225 εἰσάγειν
1521 1185 1594 1225 Gi,

934 1230 964 1258 1.
988 1228 1034 1267 iv,
1049 1231 1080 1259 2.
1126 1229 1375 1268 importata-ium
1395 1228 1594 1265 frumentum

933 1268 991 1302 Af.
1006 1273 1058 1301 20.
1088 1270 1132 1301 cf.
1148 1271 1180 1302 G
1194 1271 1240 1309 iv,
1252 1273 1283 1302 2.
1306 1272 1333 1303 C
1348 1270 1396 1311 iii,
1410 1273 1464 1302 42.

891 1311 1118 1352 Importunitas
1132 1312 1191 1344 Af.
1208 1316 1262 1343 87.

894 1355 1085 1394 Impotenter
1098 1365 1229 1395 regnare
1245 1354 1276 1386 A
1292 1357 1345 1386 33.

892 1397 1127 1438 Impressionem
1163 1396 1364 1438 (impetum)
1406 1396 1522 1429 facere
1558 1396 1591 1428 in

934 1440 1079 1480 aliquem
1096 1439 1154 1471 Af.
1171 1443 1225 1471 78.

893 1481 1085 1522 Imprudens,
1098 1484 1232 1514 nescius
1249 1482 1282 1514 G
1298 1481 1346 1522 iii,
1361 1484 1414 1513 29.

891 1523 1069 1564 Impuberes
1085 1525 1117 1556 G
1133 1525 1178 1563 vi,
1193 1527 1247 1555 21.

891 1565 933 1596 In
947 1569 1080 1606 quatum·
1102 1567 1240 1597 millibus
1249 1576 1405 1606 passuum,
1430 1566 1520 1597 intra
1537 1575 1592 1606 qu.

932 1617 978 1640 m.
1003 1608 1062 1640 Af.
1079 1611 1132 1640 63.
1165 1609 1209 1640 cf.
1226 1610 1258 1641 G
1276 1619 1309 1648 v,
1323 1611 1377 1640 24.
1393 1609 1438 1646 vi,
1454 1611 1507 1641 36.
1531 1608 1592 1640 Af.

932 1653 986 1682 47.
1030 1651 1064 1682 in
1078 1652 1243 1683 circuitum
1256 1651 1375 1692 oppidi,
1397 1651 1491 1683 circa
1510 1660 1592 1692 opp.

934 1693 968 1723 G
981 1693 1051 1734 viii,
1065 1696 1117 1724 33.
1162 1695 1196 1725 in
1222 1697 1407 1734 potestatem
1422 1693 1533 1724 habere
1563 1694 1591 1725 C

933 1734 956 1773 i,
970 1737 1024 1765 25.
1067 1736 1101 1766 in
1115 1736 1229 1776 spatio,
1248 1746 1310 1776 per
1325 1735 1462 1775 aliquod
1488 1736 1594 1766 inter-

932 1777 1060 1807 vallum
1083 1776 1142 1809 As.
1171 1780 1225 1810 70.
1268 1778 1302 1809 in
1331 1777 1513 1818 colloquium
1540 1787 1592 1808 te·

931 1819 999 1849 nire
1016 1819 1048 1850 G
1063 1819 1086 1859 i,
1103 1823 1156 1852 35.
1585 1835 1590 1838 >

889 1861 1096 1902 Incedificare,
1147 1861 1336 1901 dranbanoen,
1387 1861 1593 1900 drausbmten,

932 1903 1015 1934 batir
1039 1906 1059 1934 ὰ
1074 1904 1141 1935 <nite
1155 1914 1194 1935 ou
1213 1914 1274 1944 par
1289 1906 1392 1935 dessus
1412 1904 1444 1935 G
1462 1903 1535 1943 viii,
1560 1907 1593 1935 9.

931 1945 990 1986 ibi,
1017 1946 1076 1977 illo
1098 1947 1174 1977 loco
1202 1945 1370 1977 aedificata
1397 1946 1430 1977 G
1456 1945 1528 1985 viii,
1557 1951 1591 1977 5.

928 1987 1022 2018 inaed.
1033 1989 1168 2028 plateas,
1188 1988 1350 2029 ver-bauer»,
1361 1988 1511 2027 zubauen,
1526 1998 1593 2020 ter-

929 2030 1083 2070 sclziitten,
1117 2030 1247 2062 boucher
1281 2040 1340 2061 une
1369 2040 1424 2061 rue
1460 2040 1520 2070 par
1547 2041 1593 2062 un

929 2070 1049 2114 edific-e,
1075 2081 1118 2104 ne
1146 2073 1259 2104 aditus
1284 2077 1405 2113 pateat
1431 2072 1458 2104 C
1487 2073 1510 2112 i,
1537 2075 1591 2105 27.

930 2115 1003 2145 hart
1017 2116 1096 2146 cir-an
1117 2115 1268 2156 aribanen,
1284 2115 1367 2146 batis·
1390 2117 1457 2148 tout
1477 2117 1497 2146 ὰ
1523 2114 1592 2147 ciete

932 2164 960 2195 C
972 2164 1008 2204 ii,
1022 2167 1075 2196 16.

887 2206 1065 2247 Inoequare,
1083 2217 1220 2248 aequare
1238 2207 1266 2240 C
1281 2207 1305 2247 i,
1320 2209 1362 2239 27
1366 2230 1374 2239 .

887 2248 1032 2280 Incertus
1071 2248 1238 2291 (ratione)
1267 2250 1337 2289 loci,
1376 2249 1434 2291 qui
1467 2248 1591 2290 nescit,

930 2300 1032 2331 quem
1053 2292 1164 2323 locum
1180 2296 1278 2333 petat
1293 2291 1350 2323 Af.
1372 2295 1406 2324 7.

887 2332 1030 2365 Incidere
1051 2334 1188 2375 arbom,
1204 2339 1243 2366 ut
1257 2333 1388 2366 inflecti
1408 2333 1540 2375 possint
1555 2333 1589 2364 G

929 2375 966 2415 ii,
981 2379 1033 2408 17.

890 2416 1010 2449 Incidit
1035 2419 1150 2450 malum
1173 2418 1268 2449 alicui
1298 2418 1412 2458 Gviii,
1429 2421 1480 2449 12.
1504 2427 1590 2449 error

932 2460 960 2491 C
975 2460 1025 2501 iii,
1041 2464 1092 2492 13.
1137 2461 1261 2500 incidit,
1277 2461 1404 2492 accidit
1419 2459 1474 2490 Af.
1492 2462 1523 2490 1.

888 2501 1026 2534 Incitare
1052 2513 1161 2534 nutem
1184 2503 1278 2534 remis
1299 2503 1331 2534 G
1347 2503 1392 2542 iv,
1415 2505 1466 2532 25.
1509 2501 1588 2532 inci-

930 2547 1001 2576 tare
1023 2555 1144 2576 cursum
1160 2545 1193 2576 G
1209 2545 1243 2584 ii,
1258 2547 1312 2575 26.
1355 2545 1415 2575 inc.
1430 2553 1462 2574 se
1476 2553 1516 2574 ex
1530 2543 1588 2574 ali-

931 2596 990 2626 quo
1015 2588 1091 2625 loco,
1107 2596 1150 2617 ex
1170 2596 1209 2617 eo
1226 2586 1370 2617 celerius
1396 2585 1534 2627 prodire
1558 2585 1588 2616 C

930 2628 965 2667 ii,
978 2631 1030 2660 14.
1074 2629 1134 2659 inc.
1150 2638 1182 2659 se
1196 2629 1230 2658 in
1244 2629 1390 2669 aliquem,
1406 2628 1535 2660 irruere
1557 2626 1586 2659 C

930 2670 968 2709 ii,
997 2673 1029 2702 6.
1051 2670 1099 2709 iii,
1125 2673 1178 2702 24.
1222 2670 1270 2701 ris
1399 2679 1431 2702 se
1458 2670 1586 2708 emieat,

931 2721 1020 2753 aqua
1047 2722 1122 2745 cum
1152 2712 1186 2743 vi
1205 2711 1305 2744 irruit
1333 2713 1366 2744 G
1393 2713 1440 2751 iv,
1464 2715 1515 2745 17.
1539 2711 1586 2744 cf.

929 2755 1048 2788 AEstus.
1095 2755 1281 2788 Resincitat
1306 2753 1445 2798 (auget)
1469 2755 1586 2796 cogitata
