1872 3104
244 192 360 235 2830
730 207 935 238 ΝοτιτιΑ
970 206 1246 241 mrem-nm

244 302 444 341 dimicaret
466 303 502 341 in
524 304 664 350 Gallia,
684 310 723 342 et
741 304 792 341 ab
812 304 922 342 hoste
952 311 1084 355 raptus
1105 318 1206 357 equo
1227 305 1312 355 ejus
1334 311 1554 356 portaretur
1584 319 1707 346 arma·

245 374 322 414 tus,
344 368 511 405 occurrit
546 368 701 418 quidam
723 381 770 406 ex
791 368 979 414 hostibus,
1001 369 1067 420 qui
1092 382 1180 407 eum
1210 376 1351 415 nosset,
1373 376 1411 407 et
1436 371 1618 408 insultans
1638 371 1705 416 ait,

245 431 370 470 Ceeos
405 433 563 470 Caesar:
599 433 706 482 quod
741 433 941 470 Gallorum
972 433 1113 482 lingua,
1137 434 1311 479 Dimitte,
1345 433 1562 484 signifieat;
1596 435 1706 472 etita

243 496 389 534 sactum
411 503 483 540 est,
507 503 548 534 ut
567 497 833 534 dimitteretur.
888 497 973 533 Hoc
992 503 1122 533 autem
1141 497 1223 546 ipse
1241 497 1374 535 Caesar
1392 497 1429 535 in
1451 494 1707 547 Ephemeride

243 573 310 598 sua
330 559 441 604 dicit,
475 560 539 596 ubi
579 561 776 610 propriam
806 567 1084 598 commemorat
1115 560 1366 599 felicitatem.’
1422 564 1544 600 Immo
1580 563 1708 613 Ephe·

245 623 429 661 meridem
466 624 512 660 C.
543 623 702 660 Caesaris
732 623 866 661 laudat
894 630 933 661 et
968 625 1238 674 Symmachus,
1273 636 1332 663 ιν.
1359 632 1419 664 18.
1450 626 1515 663 ubi
1547 626 1706 677 quidam

243 687 355 725 Balbi
377 688 594 738 intelligunt
628 687 922 738 premeridem
944 688 1103 727 Sidonio
1124 696 1371 728 memoratam
1395 701 1459 727 lx.
1486 697 1547 728 14.
1606 691 1706 728 Nam

243 752 407 790 Balbum
432 765 488 790 res
511 752 674 790 Caesaris
699 761 775 789 non
805 764 958 790 curasse
986 753 1121 797 solum,
1144 753 1249 803 quod
1271 753 1423 791 Gellius
1452 753 1567 791 refert
1586 764 1705 792 xvn.

241 822 281 862 9.
309 817 375 855 sed
396 817 509 855 etiam
532 816 744 867 scripsisse,
766 823 902 854 auctor
921 822 977 853 est
994 817 1200 854 Suetonius
1221 818 1258 854 in
1274 817 1378 856 Julio
1398 830 1483 868 cap.
1507 823 1571 857 81.
1628 818 1704 856 Sed

242 895 264 919 a
286 882 520 933 Symmacho
536 895 613 919 non
634 882 735 919 aliud
758 894 856 932 opus
875 880 1113 931 intelligitur,
1131 894 1245 932 quam
1261 880 1524 919 commentarii
1543 881 1706 919 Caesaris

242 946 291 984 de
304 947 405 985 bello
425 947 595 986 Gallico.
656 946 752 984 Haec
773 946 873 984 enim
891 945 1033 984 ibidem
1056 946 1312 996 Symmachus
1327 946 1548 996 subjungit:
1580 950 1590 967 ‘
1608 946 1705 984 Haec

240 1011 485 1063 [Ephemeris
522 1013 567 1050 C.
604 1010 784 1059 Caesaris]
822 1016 860 1047 te
899 1011 1076 1060 origines,
1116 1010 1225 1056 situs,
1256 1023 1420 1061 pugnas,
1450 1016 1489 1048 et
1516 1010 1705 1062 quicquid

239 1075 355 1113 fuerit
385 1076 423 1112 in
452 1075 623 1113 moribus
652 1081 719 1112 aut
754 1074 902 1124 legibus
937 1075 1167 1119 Galliarum,
1194 1075 1377 1112 docebit.'
1433 1076 1532 1119 Quae
1563 1075 1705 1126 optime

243 1140 479 1178 conveniunt
499 1139 782 1177 commentariis
815 1139 990 1178 Caesaris.
1049 1142 1170 1178 Immo
1191 1153 1343 1178 omnem
1374 1142 1600 1191 scrupulum
1631 1142 1709 1180 exi·

242 1203 325 1249 mit,
362 1203 469 1255 quod
505 1204 541 1241 in
575 1204 684 1241 Mstis
720 1202 954 1253 quibusdam
977 1203 1059 1241 haec
1094 1205 1211 1242 verba
1250 1204 1542 1242 subscribantur
1572 1206 1706 1244 ultimo

240 1267 338 1305 libro
377 1267 426 1305 de
473 1267 574 1305 bello
615 1267 793 1305 Gallico:
849 1272 857 1287 ‘
890 1268 935 1303 C.
972 1268 1064 1306 Julii
1102 1268 1262 1305 Caesaris
1302 1268 1502 1305 pontificis
1544 1270 1704 1308 Maximi

240 1331 467 1381 Ephemeris
489 1344 613 1369 rerum
635 1338 829 1382 gestarum
853 1331 939 1369 belli
960 1331 1098 1370 Gallici
1119 1332 1187 1369 lib.
1209 1342 1313 1370 v111.
1335 1332 1493 1382 explicit
1515 1333 1707 1378 feliciter;'

240 1401 281 1433 ut
300 1394 393 1432 nihil
422 1401 561 1446 peccet
578 1395 718 1432 Paulus
755 1395 918 1439 Merula,
940 1395 1221 1446 Cosmograph.
1256 1407 1304 1434 11.
1330 1402 1389 1440 17.
1423 1397 1616 1446 ubijubet
1636 1409 1704 1435 nos

238 1472 296 1505 ea,
319 1473 407 1510 quae
429 1461 561 1498 Caesar
580 1459 770 1498 novennio
791 1459 828 1497 iu
849 1460 987 1497 Galliis
1007 1461 1138 1510 gessit,
1161 1466 1292 1511 petere
1311 1474 1357 1497 ex
1379 1461 1444 1498 lib.
1470 1471 1552 1500 v11.
1574 1462 1703 1512 Ephe-

239 1524 426 1562 meriduin
449 1525 569 1575 ipsius
604 1524 781 1562 Caesaris.
840 1525 939 1562 Nam
961 1538 1035 1562 non
1062 1524 1135 1562 alio
1164 1525 1341 1574 respexit,
1365 1538 1479 1575 quam
1509 1539 1588 1575 quo
1609 1526 1702 1564 dixi.

239 1588 493 1638 Etiamjussu
513 1589 596 1639 ejus
618 1590 782 1638 scriptus
803 1595 857 1626 est
878 1589 975 1626 liber
994 1588 1042 1626 (le
1072 1590 1145 1626 situ
1167 1590 1272 1627 orbis
1294 1590 1469 1627 Romani.
1527 1591 1703 1629 AEtliicus

237 1653 276 1690 iu
298 1652 413 1691 Praef.
443 1659 452 1674 ‘
475 1653 610 1704 Itaque
631 1652 755 1690 Julius
775 1653 920 1697 Caesar,
945 1654 1144 1691 bissextilis
1173 1654 1329 1691 rationis
1351 1655 1539 1699 inventor,
1566 1654 1703 1693 divinis

240 1716 493 1766 humanisque
514 1717 629 1754 rebus
646 1716 888 1766 singulariter
907 1717 1131 1762 instructus,
1151 1731 1238 1755 cum
1262 1718 1485 1755 consulatus
1498 1718 1556 1755 sui
1580 1718 1703 1757 fasces

239 1780 413 1831 erigeret,
445 1794 490 1818 ex
520 1780 854 1818 senatusconsulto
889 1780 1050 1824 censuit,
1082 1793 1233 1818 omnem
1268 1781 1397 1819 orbem
1424 1781 1507 1830 jam
1542 1782 1703 1820 Romani

239 1844 403 1883 nominis
442 1844 620 1882 admetiri
649 1857 717 1895 per
746 1843 1065 1895 prudentissimos
1093 1846 1205 1890 viros,
1242 1852 1280 1882 et
1313 1846 1415 1882 omni
1447 1846 1703 1898 philosophice

236 1921 391 1945 munere
421 1907 638 1946 decoratos.
698 1909 800 1957 Ergo
821 1921 843 1944 a
861 1908 963 1945 Julio
986 1908 1138 1946 Caesare
1173 1916 1210 1946 et
1241 1910 1379 1947 Marco
1401 1911 1569 1948 Antonio
1589 1912 1701 1950 Coss.

236 1969 338 2009 orbis
374 1978 557 2009 terrarum
598 1971 722 2008 metiri
756 1972 902 2021 ccepit,’
928 1975 1003 2009 ὣς.
1082 1973 1318 2018 Buldericus,
1357 1975 1625 2012 Noviomensis
1664 1980 1703 2012 et

236 2036 492 2074 Tornaeensis
524 2035 745 2086 episcopus,
787 2037 851 2086 qui
885 2042 974 2073 ante
1008 2049 1127 2074 annos
1160 2050 1280 2087 prope
1313 2045 1514 2076 sexcentos
1548 2039 1700 2084 claruit,

237 2099 420 2138 Chronic.
453 2100 718 2137 Caincracens.
748 2107 786 2137 et
826 2101 1071 2138 Atrebatens.
1114 2112 1142 2138 1.
1168 2105 1206 2139 3.
1250 2107 1258 2121 ‘
1282 2102 1408 2145 Liber,
1444 2102 1509 2152 qui
1535 2103 1701 2152 jubente

234 2163 336 2202 Julio
356 2164 510 2201 Caesurc
531 2178 576 2201 ex
599 2166 935 2202 senatusconsulto
956 2178 977 2202 a
998 2165 1303 2215 prudentissimis
1327 2166 1374 2202 ‹le
1396 2166 1702 2216 Cosmographia

235 2228 478 2266 inscribitur:
508 2229 572 2265 ubi
593 2229 752 2279 quidem
773 2230 893 2267 totius
923 2231 1026 2267 orbis
1048 2231 1210 2267 Romani
1242 2231 1402 2268 nominis
1427 2231 1598 2269 universa
1619 2231 1701 2269 loca

235 2292 383 2330 famosa
420 2293 648 2343 (listingnit,'
683 2298 757 2331 Sec.
831 2295 952 2331 Etiam
994 2295 1098 2332 Felix
1141 2295 1342 2332 Malleolus
1383 2295 1595 2340 Helvetius,
1634 2295 1700 2346 qui

235 2355 364 2394 floruit
384 2364 471 2394 ante
494 2371 615 2394 annos
637 2369 788 2403 CLXX„
811 2359 1041 2396 mentionem
1063 2359 1147 2407 ejus
1166 2359 1259 2396 fucit,
1284 2360 1447 2410 Dialogo
1480 2359 1528 2397 (le
1551 2359 1699 2396 Nobili-

235 2426 328 2459 tate.
385 2421 484 2458 Puto
518 2430 643 2459 autem
681 2422 781 2460 idem
814 2435 896 2459 esse
919 2436 1030 2472 opus,
1054 2423 1159 2472 quod
1191 2424 1290 2460 varie
1326 2430 1472 2472 postea,
1508 2423 1643 2473 partim
1676 2435 1698 2459 a

234 2485 426 2535 gentibus,
449 2486 586 2535 purtim
621 2500 642 2522 a
679 2487 921 2531 Christianis,
953 2488 1242 2537 interpolatum,
1274 2501 1374 2525 nunc
1412 2488 1481 2525 sub
1511 2484 1694 2524 Antonini

234 2555 272 2587 et
293 2549 432 2587 AEthici
454 2550 606 2587 nomine
628 2551 776 2599 legitur.
818 2553 892 2587 Seii
915 2551 1208 2599 occasio-jubet,
1235 2559 1277 2588 ut
1309 2551 1421 2588 etiam
1443 2550 1694 2593 ascribamus,

234 2613 324 2661 quid
347 2614 522 2651 videatur
543 2615 653 2651 nobis
676 2615 721 2650 dt·
744 2614 957 2663 fragmento
979 2616 1066 2658 isto,
1097 2616 1199 2665 quod
1224 2615 1397 2664 scriptori
1427 2614 1475 2649 de
1507 2612 1606 2649 bello
1630 2612 1695 2649 Hi-

234 2677 426 2725 spaniensi
440 2678 475 2713 in
491 2691 557 2715 sua
573 2679 734 2716 Caesaris
750 2678 916 2716 editione
933 2679 1100 2727 subjecit
1116 2678 1381 2716 (iotliofredus
1398 2679 1691 2725 Jungermanus.

234 2740 342 2778 Dicit
361 2741 432 2778 hoc
451 2750 643 2791 repertum
664 2756 742 2779 esse
763 2743 801 2780 in
835 2743 973 2781 codice
1007 2743 1172 2792 Cujacii,
1195 2755 1270 2780 non
1300 2741 1480 2791 apposito
1516 2741 1691 2779 nomine:
