1872 3104
221 163 333 206 1928
691 179 731 208 c.
763 178 800 208 J.
834 178 1049 209 CAESARIS
1081 178 1215 210 viz-A.

217 284 288 314 τος,
311 270 417 308 αὐτὸς
435 273 506 321 μὲν
525 274 666 323 ἀφελῶς
687 275 818 323 ἔφαγε,
838 279 908 310 τοῖς
925 273 964 311 δὲ
981 277 1100 325 φίλοις
1120 272 1430 325 δυσχεραίνουσιν
1449 274 1669 321 ἐπέπληξεν.

208 332 336 381 ”Ηρκει
355 338 438 383 γὰρ,
462 337 539 385 ἔφη,
561 338 601 374 τὸ
630 340 680 385 μὴ
711 340 870 387 χρῆσθαι
892 344 963 375 τοῖς
982 341 1268 386 ἀπαρέσκουσιν·
1301 340 1319 373 ὁ
1349 339 1387 377 δὲ
1419 341 1482 382 τὴν
1501 339 1673 385 τοιαύτην

215 398 411 446 ἀγροικίαν
432 401 655 450 ἐξελέγχων,
678 403 784 437 αὑτός
815 402 917 437 ἐστιν
943 403 1123 449 ἄγροικος.
1181 402 1244 438 Ἑν
1275 402 1344 453 ὀδῷ
1374 401 1413 439 δέ
1444 419 1532 439 ποτε
1564 419 1672 440 συνε-

216 463 339 498 λαθέὶς
372 463 438 498 ὑπὸ
470 470 651 513 χειμῶνος
684 467 733 501 εἰς
771 465 931 501 ἔπαυλιν
961 468 1155 514 ἀνθρώπου
1186 470 1349 512 πένητος,
1381 471 1424 504 ὼς
1453 466 1561 503 οὐδὲν
1590 465 1671 515 εὗρε

215 527 334 561 πλέον
355 528 548 574 οἰκήματος
579 528 658 563 ἑνὸς
691 531 879 579 γλίσχρως
911 532 977 567 ἕνα
1012 529 1185 575 δέξασθαι
1220 529 1444 581 δυναμένου,
1474 531 1560 580 πρὸς
1593 529 1672 568 τούς

214 591 341 636 φίλους
362 591 487 632 εἰπὼν,
509 592 553 626 ὡς
573 597 644 626 τῶν
662 592 732 640 μὲν
752 594 911 642 ἐντίμων
945 599 1235 644 παραχωρητέον
1264 597 1322 640 ε’ίη
1353 601 1423 632 τοῖς
1456 599 1670 644 κρατίστοις,

214 659 287 689 τῶν
317 650 346 687 δ’
378 654 596 699 ἀναγκαίων
626 661 698 691 τοῖς
730 658 1059 701 ἀσθενεστάτοις,ΙΙ
1087 658 1256 696 ”Οππιον
1290 661 1484 697 ἐκέλευσεν
1504 659 1673 696 ἀναπαύ-

216 718 365 752 σασθαι·
395 719 489 765 μετὰ
519 715 559 754 δὲ
592 725 664 755 τῶν
697 720 826 756 ἄλλων
856 720 963 758 αὐτὸς
996 722 1037 758 έν
1068 724 1116 773 τῷ
1146 728 1351 774 προστεγίῳ
1371 732 1430 767 τῆς
1451 722 1559 770 θύρας
1586 722 1668 759 ἑκά-

212 777 354 816 θευδεν.

742 996 778 1037 C
793 996 834 1037 A
850 996 902 1038 P.
953 997 1145 1039 XVIII.

215 1111 331 1145 Caesar
348 1113 541 1155 Helvetios,
556 1125 631 1146 cum
649 1125 751 1147 novas
768 1116 865 1148 sedes
883 1117 915 1147 iu
933 1117 1045 1149 Gallia
1062 1122 1267 1159 qumi-erent,
1282 1119 1391 1149 victos
1417 1118 1450 1149 in
1478 1117 1606 1159 patrias
1622 1124 1673 1148 re-

769 1170 872 1201 misit.
917 1174 968 1201 53.
985 1180 1015 1202 a.
1034 1172 1113 1202 Chr.

263 1277 389 1315 Ἀλλὰ
410 1279 482 1328 γὰρ
501 1280 519 1315 ὁ
549 1280 618 1328 μὲν
649 1287 785 1327 πρῶτος
816 1282 911 1331 αὐτῷ
942 1287 1013 1318 τῶν
1043 1281 1235 1317 Κελτικῶν
1258 1282 1432 1327 πολέμων
1463 1279 1550 1327 πρὸς
1581 1277 1665 1314 Έλ-

211 1339 410 1387 βήττιόυςι
450 1347 608 1389 συνέστη
631 1347 689 1380 καὶ
706 1343 943 1392 Τιγυρίνους,
974 1345 1007 1381 οἳ
1039 1345 1102 1380 τὰς
1134 1344 1255 1380 αὐτῶν
1288 1341 1428 1380 δώδεκα
1457 1344 1582 1379 πόλεις
1609 1342 1668 1378 καὶ

211 1409 329 1454 κώμας
351 1411 585 1455 τετρακοσίας
605 1408 870 1456 ἐμπρήσαντες,
893 1408 1058 1458 ἐχώρουν
1077 1409 1200 1456 πρόσω
1220 1405 1279 1443 διὰ
1300 1413 1359 1450 τῆς
1382 1406 1449 1442 ὑπὸ
1475 1405 1671 1455 Ῥωμαίοις

209 1468 434 1515 samarias?
455 1474 575 1519 ὥσπερ
595 1473 715 1509 πάλαι
729 1473 740 1494 ³
764 1471 944 1522 Κίμβροι,
967 1474 1025 1509 καὶ
1041 1471 1232 1515 Τεύτονες,
1255 1472 1337 1507 οὔτε
1357 1473 1499 1519 τόλμαν
1520 1471 1671 1506 ἐκείνων

875 1591 905 1622 Ν
912 1589 1014 1621 OTAE

209 1665 305 1693 retur
320 1671 475 1702 arguere.
519 1664 613 1696 Suet.
641 1666 724 1696 Caes.
756 1667 809 1696 53.
855 1665 913 1696 So-

207 1711 301 1743 lebat
332 1713 436 1753 igitur
462 1715 635 1756 asparagis
661 1715 772 1746 oleum
805 1715 911 1747 viride

205 1762 238 1794 11.
256 1772 286 1794 e.
314 1773 356 1793 ex
384 1764 458 1794 olea
485 1774 550 1795 non
580 1771 713 1796 matura
745 1775 912 1806 pressum,

207 1813 330 1845 Graece
347 1813 526 1854 ὀμφάκινον,
540 1815 678 1848 affandi.
727 1817 911 1858 Negligen-

205 1864 256 1894 tia
271 1864 393 1895 Leonis
409 1864 487 1904 fuit,
500 1870 537 1896 ut
553 1867 709 1896 conditum
724 1871 912 1907 apponeret

205 1914 238 1945 11.
257 1924 288 1945 e.
319 1919 417 1946 vetus
445 1916 555 1946 oleum
583 1921 619 1947 et
648 1917 798 1956 vulgare.
854 1918 910 1949 Sic

1010 1675 1026 1702 1
1053 1671 1292 1703 Helvetiorum
1325 1670 1422 1701 sedes
1454 1672 1551 1700 erant
1582 1667 1672 1699 inter

967 1723 1120 1754 Rhenum
1137 1721 1185 1761 ss„
1198 1723 1318 1754 Juram
1334 1725 1454 1760 mont„
1471 1719 1671 1751 Rhodanum

966 1774 1146 1814 lacumque
1175 1773 1360 1803 Lemanum
1386 1776 1421 1802 et
1447 1770 1565 1812 Alpes.
1617 1769 1671 1801 Ti-

966 1823 1078 1863 gurini
1095 1823 1138 1854 ab
1157 1822 1327 1854 Helvetiis
1345 1832 1409 1853 non
1424 1826 1520 1853 eraut
1537 1821 1672 1860 diversi,

965 1874 1023 1904 sed
1040 1879 1160 1914 quarta
1184 1883 1298 1904 eorum
1325 1883 1414 1914 pars.
1461 1870 1668 1911 Orgetorige

966 1933 1101 1955 suasore
1114 1924 1235 1955 finibus
1248 1923 1316 1954 suis
1329 1924 1420 1954 exire
1435 1923 1671 1960 decreveram,

204 1966 315 1997 locum
333 1967 426 2007 cepit
443 1968 591 1998 Ernesti.
647 1967 761 2000 Aliter
776 1970 909 2000 Plutar-

204 2016 297 2056 chus,
327 2018 483 2048 condilum
519 2018 646 2058 legens,
676 2019 706 2050 11.
739 2029 768 2050 c.
800 2020 910 2050 oleum

203 2069 414 2099 aromatibus
430 2069 585 2108 mixtum,
599 2069 715 2110 μύρον;
747 2071 842 2112 quasi
865 2071 912 2100 ni-

203 2118 272 2150 mia
302 2118 444 2150 hominis
476 2120 609 2151 luxuria
641 2126 677 2152 et
711 2121 912 2162 ἀπειροκαλία

205 2169 348 2200 Caesaris
386 2171 510 2202 amicos
549 2171 741 2203 offenderit.
810 2174 909 2206 Quod

204 2219 404 2251 Casaubono
435 2222 562 2261 placet,
599 2228 634 2254 et
672 2224 835 2255 Salmasio
868 2225 909 2256 de

203 2269 354 2302 Homon.
380 2271 488 2312 Hyles
513 2273 590 2304 iatr.
617 2284 650 2314 p.
667 2277 744 2305 32.:
779 2275 909 2316 Viride,

203 2321 262 2359 ait,
279 2322 390 2353 oleum
408 2323 449 2353 ad
466 2324 673 2356 condiendos
690 2326 812 2356 odores
829 2327 907 2358 olim

203 2372 302 2403 multi
319 2382 396 2404 usus
412 2373 486 2405 fuit.
527 2374 612 2406 Inde
628 2377 727 2407 oleum
742 2379 908 2418 conditum,

201 2420 240 2451 τὸ
256 2421 435 2463 ἦδυσμένον,
460 2425 512 2455 cni
538 2426 659 2457 odores
686 2427 811 2459 incocti
838 2429 909 2461 fue-

201 2477 300 2512 rant;
323 2475 420 2515 cujus
436 2475 468 2506 in
486 2476 712 2509 condimentis
728 2479 819 2509 nulla
837 2488 908 2519 gra-

204 2524 264 2562 tia,
278 2535 378 2565 quam
396 2526 604 2567 praecipuam
628 2528 662 2559 in
688 2528 771 2560 cibis
789 2529 909 2562 habuit

202 2574 322 2606 viride.

248 2627 283 2654 ll
309 2628 377 2657 Τοῖς
391 2626 477 2669 ἆσθ.]
520 2628 654 2670 Oppius
681 2631 768 2662 enim
794 2632 909 2664 subita.

203 2674 396 2708 valetudine
422 2684 602 2720 corruptus
630 2687 715 2712 erat.
762 2682 853 2715 Suet.
874 2694 904 2715 c.

201 2727 253 2755 12.

965 1978 1141 2013 sperantes
1158 1973 1243 2012 fore,
1269 1978 1305 2004 ut
1331 1973 1431 2004 facile
1460 1972 1563 2003 totius
1591 1971 1672 2003 Gal·

964 2023 1018 2053 liae
1037 2023 1181 2063 imperio
1199 2024 1381 2064 potiantur.

1007 2076 1027 2104 2
1051 2075 1183 2115 Γαλατ.]
1230 2074 1273 2105 Η.
1291 2084 1321 2105 c.
1340 2084 1400 2114 per
1420 2074 1619 2114 Allobroges
1634 2077 1670 2104 et

966 2123 1112 2154 Galliam
1131 2124 1349 2164 provinciam,
1374 2135 1448 2165 quax
1472 2124 1671 2156 Narbonen-

965 2175 1009 2205 sis
1025 2175 1161 2206 dicitur.
1207 2176 1259 2206 Ex
1276 2177 1410 2207 Caesare
1426 2185 1504 2206 vero
1520 2180 1669 2214 constat,

966 2226 1145 2257 Helvetios
1183 2236 1249 2257 non
1280 2237 1341 2267 pei·
1371 2227 1579 2267 provinciam
1608 2225 1668 2256 sed

965 2286 1025 2317 per
1052 2278 1224 2318 Sequanos
1248 2288 1325 2308 suas
1353 2278 1467 2318 copias
1493 2277 1526 2307 iu
1545 2275 1667 2307 AEduo-

964 2337 1037 2358 rum
1074 2327 1157 2359 flues
1195 2329 1435 2367 transduxisse,
1486 2332 1666 2368 postquam

963 2377 1089 2410 frustra
1114 2380 1178 2410 iter
1204 2389 1265 2421 per
1290 2378 1496 2419 provinciam
1515 2382 1668 2409 tentave·

963 2435 1049 2460 rant.

1007 2483 1025 2510 3
1049 2479 1166 2520 Πάλαι]
1189 2479 1315 2512 Cimbri
1333 2490 1352 2511 a
1369 2479 1480 2510 Mario
1494 2478 1576 2510 victi
1588 2481 1667 2509 suut

962 2541 992 2562 a.
1011 2534 1082 2563 100.
1099 2542 1128 2562 a.
1147 2532 1239 2570 Chr„
1263 2541 1304 2562 ex
1323 2541 1387 2572 quo
1403 2530 1446 2561 ad
1463 2529 1606 2562 Caesaris
1622 2527 1665 2559 de

962 2581 1131 2613 Helvetiis
1142 2582 1318 2613 victoriani
1333 2590 1418 2614 xmi.
1431 2579 1507 2612 anui
1524 2583 1666 2619 praeter-

961 2638 1081 2665 ierant.
