1872 3104
312 182 424 227 1904
693 193 741 223 ιι.
778 192 1045 223 DODWELM
1084 191 1425 223 mssERTATio.

313 299 392 326 non
410 286 533 325 solum
551 287 654 328 vobis
682 287 878 334 obsistere,
907 289 1105 327 sedetiam
1126 289 1258 327 coelum
1289 288 1443 327 diruere
1468 290 1660 338 possent?
1705 289 1783 328 De·

315 351 532 389 clamatoris
567 351 641 396 illa,
681 365 756 389 non
794 353 969 398 oratoris,
1011 353 1206 391 affectatio
1245 360 1317 390 est.
1392 353 1582 390 Dixeiunt
1622 352 1780 402 quidem

316 416 510 458 Germani,
545 415 682 452 Suevis
703 416 778 453 suis
808 429 854 453 ne
883 417 989 453 Deos
1010 416 1166 466 quidem
1197 416 1432 453 immortales
1462 428 1574 465 pares
1596 428 1676 453 esse
1711 428 1782 465 po-

314 479 444 524 tuisse,
488 478 582 515 Bell.
617 478 720 517 Gall.
748 480 815 518 lib.
851 491 909 518 lv.
950 495 984 518 c.
1013 488 1072 518 lO.
1108 480 1175 517 sed
1211 480 1363 517 barbari
1394 480 1460 525 illi,
1493 492 1570 517 uon
1603 479 1781 517 Romani.

317 544 419 581 luter
438 542 705 580 Ciceronianas
725 544 930 582 multorum
951 557 1173 582 coaevorum
1195 544 1355 593 legimus
1384 543 1591 592 epistolas;
1633 543 1780 583 nullam

314 614 454 650 tamen,
477 619 565 654 quae
593 606 824 643 cothurnum
846 608 952 645 illum
973 608 1111 658 sapiat.
1167 607 1326 644 Nullum
1347 612 1440 650 erat,
1473 613 1584 644 aetate
1605 606 1779 651 Caesaris,

314 669 434 705 otium
465 668 683 705 istiusmodi
703 669 842 718 ingenii
862 671 1020 716 lusibus,
1043 684 1130 709 cum
1162 671 1208 708 de
1234 671 1348 708 rebus
1382 660 1485 708 seriis
1511 670 1782 708 momentosis-

315 745 404 782 que,
428 732 475 770 de
498 732 571 769 vita
592 732 830 783 fortunisque
852 734 1034 772 clientum
1057 736 1115 772 vel
1137 735 1237 772 fama
1264 743 1421 785 agerent
1441 740 1623 771 oratores.
1680 733 1779 771 Sunt

314 796 559 834 nihilominus
592 796 764 846 primaevi
793 796 963 834 auctoris
1001 798 1116 834 Hirtii
1149 799 1263 836 etiam
1292 799 1329 835 in
1359 800 1433 837 hoc
1462 812 1575 849 opere
1605 796 1779 847 vestigia.

313 861 412 904 Qnae
432 860 551 898 habet
566 860 784 898 communia
808 874 897 898 cum
918 859 1000 897 aliis
1023 861 1136 897 bonae
1157 860 1247 897 fidei
1263 862 1500 906 auctoribus,
1523 874 1598 898 non
1620 860 1778 899 aliunde

310 937 506 962 emanasse
536 938 695 962 censeo:
732 925 901 974 inprimis
924 925 1032 969 illud,
1055 925 1157 975 quod
1191 925 1381 962 Caesarem
1414 925 1520 962 (licat
1549 926 1777 963 dictatorem

315 1000 382 1026 111.
403 988 642 1038 designatum
665 1000 724 1025 lv.
746 1002 822 1025 non
844 994 901 1035 (ut
928 989 1011 1026 vult
1039 996 1172 1026 auctor
1201 989 1372 1038 alioquin
1405 988 1716 1027 accuratissimus
1741 989 1780 1026 in

316 1052 476 1090 historia
511 1054 695 1098 Romana,
727 1053 922 1103 Sigonius)
951 1066 1062 1098 anno,
1093 1066 1171 1103 quo
1203 1053 1371 1090 Africam
1411 1052 1569 1102 recepit,
1601 1053 1667 1091 sed
1703 1066 1780 1103 quo

322 1116 425 1153 bello
454 1116 558 1154 civili
593 1117 630 1154 in
662 1116 850 1167 Hispania
890 1115 1002 1153 finem
1030 1116 1225 1165 imposuit,
1258 1118 1364 1154 Yarr.
1397 1116 1543 1153 scilicet
1564 1122 1655 1161 709.
1713 1117 1778 1155 Sic

314 1180 413 1217 enim
434 1189 567 1218 coaeva
587 1193 777 1219 marmora
795 1181 1012 1231 Capitolina
1031 1186 1149 1231 atque
1170 1180 1384 1218 Colotiana.
1444 1180 1505 1217 Sic
1523 1180 1637 1217 etiam
1656 1181 1778 1218 coaevi

316 1244 475 1283 nummi.
550 1246 674 1282 Immo
711 1251 859 1289 auctor,
895 1257 1008 1295 quem
1048 1245 1295 1294 sequebatur,
1344 1245 1596 1282 Plutarchus:
1642 1244 1777 1282 melius

315 1309 475 1354 seilicet,
509 1322 626 1359 quam
656 1309 732 1354 alii,
767 1309 878 1346 etiam
910 1316 1065 1353 veteres,
1098 1322 1169 1346 nec
1203 1309 1253 1345 ab
1288 1310 1362 1346 hoc
1395 1309 1537 1345 saeculo
1565 1307 1776 1346 admodum

316 1373 465 1418 semoti,
487 1374 552 1423 qui
573 1373 802 1411 dictaturam
839 1374 1002 1411 Caesaris
1029 1373 1173 1411 unitate
1204 1373 1345 1411 faciunt
1382 1373 1605 1411 auctiorem.
1664 1373 1780 1412 Ilirtii

310 1436 425 1474 ctiam
446 1450 653 1486 personam
674 1437 813 1487 arguit,
839 1437 943 1488 quod
967 1438 1040 1476 hoc
1072 1444 1154 1476 toto
1175 1438 1275 1475 bello
1297 1438 1511 1488 Hispanico
1533 1438 1585 1475 sie
1607 1438 1778 1488 loquitur

307 1507 458 1546 auctor,
481 1502 591 1552 quasi
622 1502 701 1551 ipse
731 1514 897 1552 praesens
928 1502 1104 1548 adfuerit,
1140 1508 1178 1540 et
1208 1502 1371 1540 Caesaris
1400 1510 1527 1552 partes
1557 1502 1670 1545 fuerit
1698 1515 1777 1540 am-

307 1566 458 1615 plexus.
514 1566 641 1603 Prima
672 1565 750 1603 fere
780 1579 942 1615 persona
973 1567 1069 1612 Nos,
1104 1567 1241 1617 inquit,
1279 1574 1316 1604 et
1351 1567 1592 1605 Caesarianos
1623 1571 1778 1604 nostros

317 1629 498 1679 appellat.
540 1631 626 1667 Hoc
648 1642 785 1679 nempe
807 1636 901 1675 erat,
922 1630 1027 1680 quod
1050 1631 1086 1667 in
1110 1631 1198 1668 belli
1220 1631 1359 1668 Gallici
1380 1631 1464 1667 libri
1489 1641 1589 1667 vin.
1612 1630 1776 1680 Prologo

304 1693 387 1742 ipse
409 1699 611 1731 monuerat
633 1694 794 1739 Hirtius,
817 1695 889 1731 sibi
920 1709 967 1732 ne
1002 1694 1095 1732 illud
1131 1695 1286 1744 quidem
1317 1694 1516 1739 accidisse,
1548 1701 1589 1731 ut
1611 1694 1777 1732 Alexan-

308 1756 419 1794 drino
440 1764 554 1807 atque
576 1757 761 1795 Africano
793 1758 894 1796 bello
926 1758 1143 1796 interesset:
1175 1759 1334 1796 innuens
1360 1758 1534 1808 proinde,
1557 1758 1594 1795 in
1623 1758 1776 1808 reliquis

308 1820 416 1859 bellis
451 1821 521 1857 sibi
543 1833 700 1870 quoque
730 1834 885 1871 operam
912 1821 1025 1859 fuisse
1060 1835 1134 1859 non
1166 1822 1350 1860 inutilem.
1411 1823 1496 1858 Nou
1525 1822 1576 1858 ita
1605 1828 1708 1859 certe
1736 1821 1774 1865 iu

309 1884 411 1920 bello
432 1885 696 1922 Alexandrino
718 1885 901 1935 loquitur,
923 1891 989 1922 aut
1007 1885 1206 1923 Africano.
1254 1886 1455 1936 Nusquam
1479 1885 1530 1922 ibi
1552 1886 1685 1936 prima,
1707 1884 1774 1922 sed

308 1947 420 1986 tertia
441 1961 612 1998 persona,
636 1949 803 1986 absentis
825 1950 1000 1986 nimirum
1033 1950 1164 1998 potius
1185 1963 1298 1999 quam
1330 1950 1445 1994 illius,
1470 1949 1535 1998 qui
1556 1949 1668 1985 rebus
1690 1949 1774 1998 ipse

309 2011 484 2061 gerendis
499 2011 728 2056 interfuerit,
750 2012 1005 2050 narrationem
1027 2012 1202 2050 instituit.
1240 2013 1323 2049 Nec
1344 2020 1438 2062 puto
1459 2013 1532 2048 hoc
1555 2011 1774 2062 prm-vidisse

307 2074 632 2124 interpolatorem,
655 2075 693 2111 iu
714 2075 872 2126 reliquis
892 2075 991 2113 adeo
1012 2088 1201 2126 personas,
1224 2089 1340 2126 quam
1361 2076 1552 2129 sustinuit,
1574 2075 1772 2129 incautum

305 2145 423 2189 gitque
444 2137 689 2190 obliviosum.
