1872 3104
713 216 1048 248 LATlNlTATIS.

198 313 287 356 quod
303 311 493 345 cunctando
508 309 655 341 elabitur
671 309 702 341 G
720 319 753 349 v,
768 311 821 341 22.

157 358 323 388 Extremus
335 363 432 393 casum,
447 362 512 393 quo
527 351 637 383 nullus
653 361 728 382 esse
743 352 850 392 magis

194 398 352 430 adversus
369 399 481 436 potest
497 393 529 425 G
552 394 601 434 iii,
626 398 658 425 5.
703 398 850 426 extremm

192 449 254 479 res,
281 439 323 471 de
339 437 460 480 quibus
476 436 546 468 fere
568 442 680 469 actum
697 443 749 469 est
766 438 797 470 G
816 438 851 477 ii,

152 525 322 555 Exn-mum
336 531 432 562 mare,
461 521 515 553 cni
531 531 700 561 accessus,
724 531 849 563 aggere

189 564 357 605 opposito,
372 565 577 596 interclusus
593 569 645 596 est
660 565 692 596 G
709 564 758 604 iii,
776 567 827 597 12.

151 606 328 638 exturbare
344 606 400 638 Af.
415 609 470 639 40.

147 650 271 681 Est-uere
283 650 415 691 aliqtoem
429 649 525 680 armis
540 648 571 681 G
589 648 638 690 iii,
652 651 685 680 6.

481 776 508 808 F

149 860 244 892 Fabri
261 860 415 900 legionum
427 860 459 893 G
473 870 506 901 v,
518 863 568 892 11.
587 869 729 902 quorum
745 860 847 902 origi-

187 912 265 934 nem
283 903 356 934 Liv.
374 903 397 943 i,
422 907 475 936 43.
504 903 702 944 descripsit,
724 913 846 935 munus

187 950 300 976 autem
339 946 461 986 Veget.
500 946 543 977 de
581 956 609 976 r.
647 955 692 977 m.
726 946 763 985 ii,
794 949 846 977 11.

187 987 279 1019 Hinc
299 988 474 1026 Proesectus
487 988 620 1026 fabrum
635 989 663 1020 C
679 988 702 1028 i,
718 990 772 1020 24.

142 1029 259 1061 Facere
271 1033 373 1061 castra
389 1031 421 1062 G
434 1031 457 1070 i,
468 1033 522 1062 48.
545 1030 577 1062 Α
592 1033 646 1062 49.
662 1030 846 1069 conjuratio-

184 1081 264 1111 nem,
293 1073 368 1113 ejus
399 1077 576 1105 auctorem
603 1081 678 1104 esse
705 1072 738 1104 G
764 1072 787 1113 i,
814 1076 846 1104 2.

182 1114 251 1146 Sed
263 1114 295 1146 G
311 1115 380 1156 viii,
396 1119 427 1147 1.
450 1119 505 1147 est
523 1115 712 1156 conjurare.
732 1124 848 1147 semen-

182 1159 246 1188 tem
274 1157 307 1189 G
335 1157 359 1199 i,
387 1160 418 1191 3.
460 1158 679 1189 salutationem
706 1156 763 1190 Af.
793 1161 845 1189 85.

179 1209 288 1241 pacem
311 1199 344 1232 G
370 1200 394 1240 i,
421 1202 474 1231 13.
515 1201 661 1241 proelium
687 1200 719 1232 G
744 1200 768 1241 i,
793 1203 845 1231 18.

178 1245 306 1283 pontem
319 1242 354 1273 in
365 1242 502 1284 flumine
516 1243 549 1275 G
565 1243 589 1282 i,
604 1245 658 1276 13.
701 1252 847 1283 magnam

174 1285 408 1324 jugulationem
425 1285 460 1316 H
476 1288 530 1317 22.
546 1285 696 1325 cohortes,
720 1285 847 1327 legere,

183 1327 262 1358 colli
290 1337 361 1367 ere,
386 1327 451 1359 sibi
468 1337 666 1370 comparare
681 1328 709 1360 C
724 1327 772 1367 iii,
794 1331 847 1360 87.

181 1368 239 1400 Sic
280 1392 290 1400 .
310 1370 373 1401 sibi
391 1370 509 1402 milites
522 1381 562 1402 ex
573 1371 736 1412 provincia
760 1370 795 1401 H
813 1373 845 1402 2.

182 1415 219 1442 et
247 1412 329 1451 legio
354 1412 447 1450 sacta
477 1423 515 1445 ex
544 1413 682 1455 coloniis,
704 1411 787 1444 ibid.
813 1415 845 1445 7.

176 1452 210 1491 f.
232 1454 371 1494 classem,
393 1454 563 1487 aedificare
580 1461 615 1487 et
630 1455 799 1488 instruere
815 1455 847 1487 G

183 1496 231 1535 iv,
247 1497 301 1528 21.
319 1496 350 1536 f.
367 1496 478 1529 bellum
494 1497 527 1530 G
542 1497 590 1535 iii,
611 1500 664 1530 29.
688 1501 724 1530 et
738 1497 848 1536 facere

182 1538 278 1570 alicui
308 1538 428 1580 bellum,
462 1540 574 1572 moliri
604 1544 641 1572 et
671 1540 848 1581 suscipere

182 1585 304 1613 contra
314 1581 461 1623 aliquem
472 1582 504 1614 G
517 1593 550 1623 v,
561 1584 615 1614 28.
631 1582 689 1614 Sic
702 1583 734 1615 G
743 1583 801 1622 vii,
814 1585 847 1614 2.

142 1622 289 1654 facultas
309 1634 453 1664 pugnare
481 1624 560 1666 (pro
581 1624 764 1666 gerundio)
788 1624 848 1657 Af.

183 1668 238 1696 78.
255 1665 300 1697 cf.
316 1667 487 1698 consilium.
536 1667 711 1699 Facultates
733 1668 849 1708 ltaliae,

183 1716 343 1739 numerus
359 1709 503 1739 militum
518 1708 552 1741 G
567 1710 613 1746 vi,
630 1712 660 1740 1.

141 1750 302 1790 facultas,
317 1751 418 1790 copia
434 1750 467 1782 G
482 1751 505 1788 i,
522 1753 575 1782 38.
599 1751 649 1791 iii,
665 1754 697 1783 9.

141 1793 274 1824 Falcata
289 1793 443 1833 quadriga
457 1792 489 1823 A
504 1795 524 1823 7
528 1797 560 1824 5.

143 1834 253 1866 Falces
276 1835 409 1866 murales
433 1834 595 1866 videntur
615 1833 720 1866 fuisse
743 1834 850 1875 conti,

183 1875 317 1917 praefixi
334 1875 438 1917 ferro,
463 1877 498 1908 in
521 1876 620 1908 falcis
643 1877 785 1910 formam
800 1878 851 1909 in·

182 1923 338 1959 curvato,
370 1923 408 1951 ut
423 1929 551 1960 murus,
566 1920 607 1950 iis
620 1919 770 1960 injectis,
799 1920 849 1951 di-

183 1965 341 1993 rueretur
355 1962 388 1993 G
405 1961 455 2002 iii,
471 1964 524 1994 14.
555 1962 709 2004 (Strabo,
731 1962 774 1994 de
797 1971 851 1994 ea·

184 2004 261 2035 dem
277 2013 313 2035 re
328 2004 483 2046 loquens,
506 2003 713 2045 δορυδρέπανα
732 2005 849 2046 appel-

183 2045 248 2086 lat)
270 2047 303 2078 G
326 2056 358 2086 v,
383 2049 436 2078 42.
462 2046 522 2086 vii,
548 2049 604 2087 22,
627 2049 683 2087 84.
702 2049 757 2079 86.
782 2057 848 2088 quo

185 2087 260 2119 loco
275 2098 390 2120 earnm
406 2097 485 2120 usus
501 2089 720 2121 describitur.
735 2088 767 2121 A
783 2093 837 2120 75.

147 2130 280 2170 Fallere,
309 2131 365 2161 hoc
389 2139 458 2162 eam
473 2131 605 2171 fefellit,
630 2132 697 2163 hoc
725 2132 757 2163 ei
785 2141 849 2173 per

187 2173 411 2213 ignorantiam
439 2177 499 2205 aut
524 2174 767 2214 negligentiam
794 2183 848 2206 ac—

186 2214 283 2256 cidit,
309 2214 341 2246 ei
366 2215 473 2246 inscio
488 2219 525 2246 et
540 2225 658 2257 parum
682 2216 848 2257 cogitanti

187 2256 341 2298 obrepsit
357 2256 414 2288 Af.
430 2259 461 2288 8.

147 2298 295 2339 Familia,
309 2299 398 2330 servi
415 2298 447 2330 G
463 2299 487 2339 i,
503 2301 535 2332 4.
567 2299 624 2332 Sic
639 2299 768 2338 familia
779 2302 848 2341 gla-

185 2342 333 2381 diatoria,
354 2342 456 2380 servi,
478 2341 535 2383 qui
551 2347 629 2374 sunt
644 2343 848 2384 gladiatores

188 2384 216 2415 C
243 2384 291 2420 iii.
309 2387 362 2415 21.
406 2387 508 2415 mater
522 2384 660 2422 familioe
676 2389 734 2417 aut
749 2385 850 2424 fami·

191 2426 250 2457 lias
266 2427 298 2458 G
314 2426 337 2466 i,
354 2429 407 2458 50.
423 2427 480 2468 vii,
494 2429 549 2466 26,
565 2430 618 2459 47.
636 2427 664 2459 C
680 2427 717 2468 ii,
739 2430 772 2460 4.
791 2439 848 2469 pa-

189 2472 239 2499 ter
250 2468 388 2506 familiae
403 2474 463 2501 aut
477 2469 622 2506 familias
636 2471 669 2502 G
684 2470 733 2510 vi,
750 2473 802 2503 19.

148 2511 223 2549 Pas,
247 2511 336 2552 qnod
355 2521 415 2552 per
431 2512 628 2552 religionem
651 2513 849 2554 divinasque

189 2554 282 2593 leges
298 2554 379 2585 licet
397 2554 428 2586 G
447 2555 469 2595 i,
483 2557 535 2585 50.

147 2595 332 2636 Fastigams
347 2596 444 2636 collis,
465 2607 484 2627 a
499 2596 619 2628 latiore
637 2595 710 2628 basi
725 2597 758 2627 in
774 2606 850 2628 acu-

189 2639 258 2670 tius
275 2648 436 2670 cacumen
453 2649 605 2679 surgens.
633 2639 780 2671 Omnino
797 2644 851 2670 est

187 2681 396 2722 proclinatum
411 2682 438 2714 C
452 2683 488 2723 ii,
502 2686 553 2714 10.
575 2683 611 2722 ii,
624 2683 654 2713 8.
669 2682 736 2713 vid.
750 2681 852 2713 etiam

194 2724 235 2755 ad
251 2724 295 2765 iv,
311 2727 361 2756 16.

151 2764 325 2807 fastigium
340 2767 477 2809 infimum
493 2767 525 2800 G
544 2766 602 2808 vii,
618 2769 671 2800 73.
684 2766 753 2799 vid.
769 2771 840 2800 not.

903 309 1153 382 FaucesKor-tus,
1180 307 1292 340 aditus
1307 310 1334 340 C
1352 309 1375 348 i,
1402 313 1454 343 25.
1483 322 1601 354 angus-

945 352 1001 383 tiae
1064 354 1116 382 36.

903 394 1051 426 Felicitas
1080 394 1275 434 consequitur
1301 393 1517 436 (comitatur)
1546 398 1602 428 ali-

943 447 1031 478 quem
1047 436 1078 468 G
1096 437 1165 475 viii,
1181 439 1233 468 31.

902 479 1062 518 Peneum,
1082 477 1234 511 foramen
1250 479 1283 510 in
1300 479 1430 521 pariete
1446 478 1603 512 relictum

945 521 974 552 C
991 521 1027 560 ii,
1043 524 1075 552 9.

902 563 1007 595 Feriae
1023 563 1148 595 Latinoe
1164 563 1192 596 C
1209 564 1256 605 iii,
1271 567 1303 595 2.
1348 564 1411 596 Est
1427 572 1604 596 commune

943 615 1077 637 sacrum
1105 607 1253 638 omnium
1277 607 1443 638 sociorum
1467 607 1604 638 Latino-

941 657 1013 680 rum
1029 648 1072 680 ad
1088 649 1301 680 vinciendam
1323 648 1605 681 conservandam-

969 701 1010 722 uc
1040 701 1155 723 eorum
1186 693 1398 732 societatem,
1423 693 1457 723 in
1487 696 1604 723 monte

977 734 1076 765 lbano
1093 734 1261 766 celebrari
1278 734 1427 774 solitum,
1441 744 1507 775 quo
1521 742 1605 765 non·

941 775 1020 807 dum
1035 782 1186 817 peracto,
1211 787 1276 808 non
1302 777 1399 807 licuit
1414 776 1545 808 consuli
1560 776 1604 807 ad

941 818 1068 850 bellum
1081 819 1264 861 proficisci.
1281 819 1355 850 Liv.
1371 819 1441 860 xxi,
1452 821 1504 850 63.
1520 818 1606 858 xxii,

900 902 1078 941 Feroculus,
1102 902 1221 943 inepte
1235 901 1346 944 ferox,
1370 902 1533 935 affectans
1556 901 1605 935 fe-

940 945 1065 976 rociam
1082 944 1141 976 Af.
1163 948 1216 976 16.

898 986 1057 1018 Fer-rariae
1072 995 1118 1019 sc.
1135 987 1262 1019 fodinae
1279 987 1311 1019 G
1330 987 1386 1027 vii,
1402 990 1454 1019 22.

900 1029 996 1061 Ferre
1023 1030 1118 1061 alicui
1141 1030 1358 1070 conditionem,
1384 1029 1520 1070 offerre,
1545 1028 1602 1061 de-

939 1073 1149 1104 liberandam
1181 1082 1372 1114 proponere
1404 1072 1438 1104 G
1467 1073 1514 1112 iv,
1550 1074 1603 1104 11.

933 1114 1023 1153 ferre
1037 1115 1155 1157 aliquid
1169 1115 1308 1147 omnibus
1319 1115 1509 1146 sermonibus
1525 1113 1554 1146 C
1565 1114 1604 1154 ii,

943 1161 994 1189 17.
1038 1161 1147 1189 ventus
1159 1158 1231 1196 sert
1251 1168 1362 1190 navem
1383 1157 1484 1198 aliquo
1503 1157 1535 1190 G
1552 1156 1604 1198 iii,

941 1202 992 1231 15.
1029 1199 1120 1238 ferre
1134 1202 1331 1242 adpopulum
1345 1200 1372 1232 C
1387 1200 1409 1241 i,
1424 1202 1457 1231 6.

898 1242 1083 1281 Fer-cesana
1095 1243 1206 1282 jacula
1222 1244 1254 1276 G
1271 1253 1306 1282 v,
1321 1245 1376 1275 43.

896 1284 1008 1326 Ferus,
1023 1286 1116 1318 nullo
1131 1286 1212 1318 vitae
1229 1286 1338 1326 cultu,
1352 1283 1504 1326 asperior
1516 1283 1549 1317 G
1565 1283 1603 1324 ii,

898 1369 1012 1401 Fibula
1028 1371 1060 1403 G
1077 1371 1122 1411 iv,
1139 1373 1193 1402 17.

898 1411 1053 1444 Fidelitas
1068 1413 1100 1445 G
1117 1413 1187 1453 viii,
1203 1414 1257 1444 46.

898 1455 993 1486 Fides
1007 1459 1153 1496 angusta,
1175 1465 1251 1487 cum
1275 1463 1375 1486 nemo
1399 1463 1477 1485 suas
1501 1461 1604 1494 pecu-

940 1498 1013 1529 nias
1038 1498 1140 1530 alteri
1165 1502 1297 1529 mutuas
1313 1496 1396 1528 dare
1411 1496 1496 1536 vult,
1525 1494 1605 1536 qnia

941 1549 1042 1572 nemo
1084 1550 1147 1581 par
1174 1543 1228 1571 est
1254 1538 1416 1570 solvendo
1446 1538 1474 1570 C
1498 1538 1549 1577 iii,
1574 1540 1604 1568 1.

930 1583 1033 1624 fidem
1047 1583 1176 1614 alterius
1189 1583 1285 1623 sequi,
1310 1581 1341 1613 ei
1355 1591 1392 1613 se
1405 1580 1606 1622 permittere

941 1625 974 1656 G
990 1625 1022 1656 iv
1052 1628 1105 1657 21.

899 1649 1085 1699 Εῐαιωεᾶήα
1100 1678 1193 1709 opera
1208 1667 1354 1707 eim-1.
1399 1665 1545 1706 Regnum
1563 1664 1603 1706 fi-

940 1710 1114 1741 duciariam
1130 1710 1161 1740 A
1176 1713 1229 1741 23.

898 1751 1035 1790 Pingere
1063 1752 1196 1790 cultum,
1221 1750 1336 1782 fictam
1360 1760 1387 1781 s.
1411 1749 1605 1780 simulatam

941 1793 1101 1825 fiduciam
1118 1794 1215 1825 vultu
1231 1803 1302 1835 prae
1319 1802 1354 1824 se
1370 1791 1461 1823 ferre
1478 1795 1514 1822 et
1535 1800 1605 1838 rne-

943 1840 1015 1866 tum
1042 1836 1217 1867 hilaritate
1246 1836 1360 1866 vultus
1386 1839 1502 1874 tegere
1525 1833 1559 1865 G
1582 1842 1607 1873 ι,

942 1881 996 1909 39.
1019 1878 1070 1909 die
1086 1879 1192 1909 Miene
1213 1878 1247 1908 in
1269 1878 1325 1908 der
1349 1877 1473 1907 Gewalt
1495 1875 1607 1907 haben.

943 1920 1036 1952 Hinc
1050 1921 1152 1951 cultus
1167 1919 1272 1958 falsus
1288 1920 1373 1950 Tac.
1392 1918 1423 1949 A
1439 1918 1488 1958 iii,
1503 1920 1536 1949 3.

899 1961 995 1994 Fines
1025 1962 1233 2001 Tm-irorum,
1262 1962 1336 2002 ipsa
1363 1965 1466 1999 terra,
1493 1960 1605 2000 ipsum

942 2013 1083 2044 regnum
1111 2004 1144 2036 G
1169 2014 1202 2044 v,
1231 2007 1263 2035 3.
1308 2013 1398 2044 quem
1427 2004 1467 2034 ad
1491 2002 1606 2044 finem,

942 2056 1130 2088 quousque,
1154 2046 1197 2077 de
1220 2046 1295 2078 loco
1319 2046 1353 2077 G
1375 2046 1412 2085 ii,
1440 2047 1492 2076 19.
1534 2054 1605 2085 pec-

942 2089 1020 2120 toris
1031 2089 1114 2131 fine,
1135 2093 1277 2130 pectore
1300 2092 1400 2120 tenus
1423 2088 1455 2119 G
1472 2087 1530 2125 vii,
1551 2089 1605 2118 47.

942 2131 1000 2163 Sic
1015 2131 1154 2163 umbilici
1158 2132 1228 2174 fine
1245 2130 1304 2162 Af.
1323 2134 1374 2162 85.

899 2172 1010 2205 Finire
1019 2175 1150 2215 sylcam,
1162 2183 1319 2205 mensura
1335 2171 1478 2204 definire
1490 2171 1609 2203 latitu-

940 2216 1055 2247 dinem
1072 2217 1104 2248 G
1122 2217 1166 2256 vi,
1181 2219 1234 2247 25.
1272 2216 1304 2254 f.
1327 2215 1473 2256 temporis
1492 2215 1608 2256 spatia,

939 2259 1068 2298 metiri,
1084 2258 1227 2290 definire
1244 2258 1277 2290 G
1293 2259 1341 2298 vi,
1358 2261 1410 2290 18.

901 2300 1076 2332 Fir-mitade
1090 2302 1202 2342 operis,
1217 2301 1260 2333 de
1277 2306 1382 2342 ponte
1399 2300 1432 2332 G
1448 2300 1495 2339 iv,
1511 2302 1565 2331 17.

903 2343 1027 2375 Firmus
1037 2345 1169 2385 populas
1185 2345 1217 2376 G
1235 2345 1258 2385 i,
1273 2347 1303 2376 3.
1338 2343 1480 2384 etfirma
1494 2342 1606 2373 civitas

942 2386 975 2418 G
1004 2396 1037 2425 v,
1063 2389 1117 2418 19.
1148 2390 1282 2428 potens,
1308 2396 1383 2427 qnae
1412 2394 1480 2416 non
1502 2383 1606 2431 facile

940 2429 1031 2461 vinci
1058 2433 1188 2470 potest.
1232 2430 1342 2461 Firma
1369 2428 1477 2459 cohors
1502 2427 1531 2458 C
1557 2426 1606 2462 1i1,

941 2473 994 2502 88.
1019 2481 1095 2513 quae
1111 2471 1144 2503 G
1159 2472 1219 2511 vii,
1240 2475 1294 2503 60.
1326 2470 1458 2511 plenius
1479 2467 1606 2499 dicitur

931 2514 1032 2561 firma
1047 2513 1195 2554 (valida)
1209 2515 1250 2545 ad
1264 2513 1475 2545 dimicandum
1488 2510 1607 2542 collon.

900 2555 1032 2587 Faetuca
1048 2557 1081 2588 G
1097 2557 1142 2596 iv,
1160 2559 1210 2588 17.

902 2597 1008 2637 Fores,
1024 2608 1100 2639 quae
1117 2602 1250 2638 portam
1266 2596 1441 2638 claudunt,
1455 2595 1506 2628 die
1524 2595 1606 2626 Thiz-

942 2649 998 2671 ren
1012 2642 1068 2672 der
1086 2640 1184 2671 Thore
1200 2640 1232 2672 G
1251 2640 1321 2680 viii,
1335 2642 1367 2670 9.

902 2681 1029 2723 Forma,
1053 2687 1170 2723 typus,
1197 2682 1239 2713 ad
1259 2692 1360 2724 quem
1376 2681 1457 2722 quid
1472 2679 1608 2712 imitan-

945 2725 988 2756 do
1004 2725 1208 2766 exprimitur
1224 2726 1256 2757 G
1273 2735 1306 2764 v,
1322 2728 1352 2756 l.
1371 2723 1416 2756 cf.
1432 2724 1548 2755 modus.

901 2767 982 2800 Fors
996 2767 1124 2810 (casus,
1137 2767 1293 2809 fortuna)
1306 2767 1399 2809 offert
1414 2766 1446 2800 G
1464 2767 1501 2806 ii,
1517 2768 1570 2799 21.
