1872 3104
239 186 353 229 2032
713 196 917 228 No'ri'riA
953 196 1230 228 m‘rERARiA

238 291 289 329 ab
308 290 446 329 eodem
465 290 582 337 Julio,
604 290 681 328 sive
703 291 886 335 Ascanio,
908 304 931 329 a
951 304 1030 341 quo
1049 291 1153 329 urbis
1170 290 1351 329 conditor
1372 290 1558 329 Romulus
1577 303 1694 342 genus

243 355 372 393 traxit.

291 421 339 457 Α.
363 420 577 463 HmTius,
613 418 689 455 sive
711 424 751 456 nt
777 419 840 456 alii
872 419 1057 464 scribunt,
1095 418 1275 464 Hircius,
1307 418 1387 467 (sed
1410 419 1514 469 prius
1535 424 1573 456 et
1591 419 1698 469 lapp.

237 483 397 533 antiqui,
429 489 469 519 et
497 483 638 518 Graeca
659 483 851 532 approbat
883 483 1139 529 consuetudo)
1173 490 1309 520 auctor
1328 490 1383 520 est
1404 483 1489 520 libri
1525 493 1628 520 v111.
1649 481 1698 519 de

238 546 405 586 Caesaris
427 546 528 581 bello
550 545 716 591 Gallico,
740 555 781 584 ut
798 548 1006 593 Suetonius
1028 548 1064 584 in
1085 547 1189 585 Julio
1207 553 1368 584 testatur
1388 560 1476 597 cap.
1495 545 1558 585 56.
1598 547 1698 583 Sane

238 624 315 648 non
335 622 417 647 esse
437 609 554 658 ipsius
576 610 740 646 Caesaris
762 612 853 648 satis
872 613 1014 649 indicat
1037 611 1214 662 praesatio
1235 610 1320 659 ejus
1341 610 1387 647 ad
1411 610 1589 654 Balbum,
1612 622 1701 659 quae

240 675 293 711 sic
314 673 473 722 incipit:
508 678 517 693 ‘
541 673 714 710 Coactus
735 674 897 712 assiduis
919 676 994 712 tuis
1015 676 1190 720 vocibus,
1212 675 1345 719 Balbe,
1366 687 1453 711 curn
1477 673 1702 724 quotidiana

239 751 324 776 mea
345 737 549 782 recusatio,
573 751 649 774 non
671 737 912 776 difficultatis
933 740 1232 784 excusationem,
1253 739 1318 776 sed
1341 739 1486 775 inertia·
1510 738 1702 775 videretur

239 802 553 852 (leprecationem
586 801 1055 838 habere:'difficillimam
1084 815 1162 838 rem
1195 802 1360 850 suscepi,
1396 802 1557 839 Caesaris
1585 800 1701 838 nostri

238 865 530 904 commentarios
558 877 685 901 rerum
708 872 899 913 gestarum
921 864 1074 909 Galliae,
1096 877 1170 901 non
1201 864 1482 913 comparandos
1504 864 1704 913 superiori-

240 931 313 967 bus
346 937 464 980 atque
496 929 792 978 insequentibus
826 929 911 978 ejus
943 928 1109 978 seriptis,
1142 928 1351 965 contexui!
1407 927 1593 976 Eiusdem
1614 933 1704 965 suut

241 995 326 1032 libri
347 994 395 1032 de
431 994 533 1032 bello
556 992 828 1038 Alexandrino,
861 998 898 1030 et
921 992 1118 1030 Africano.
1177 992 1277 1029 Nam
1299 991 1483 1028 continuo
1505 990 1701 1040 sequitur:

242 1064 251 1078 ‘
273 1058 571 1106 Novissimeque
603 1056 833 1106 imperfecta
865 1056 915 1093 ab
947 1056 1062 1093 rebus
1093 1055 1206 1105 gestis
1242 1055 1483 1093 Alexandriae
1515 1053 1706 1100 cont'eci;’

239 1128 277 1159 et
297 1128 387 1171 post
417 1121 559 1171 aliqua,
587 1121 840 1158 excusatione
861 1120 1053 1169 ejusmodi
1076 1120 1219 1159 utitur:
1253 1125 1262 1140 ‘
1289 1119 1387 1156 Mihi
1419 1132 1464 1156 ne
1495 1118 1587 1156 ittml
1624 1119 1707 1168 qni-

237 1186 323 1223 dem
346 1185 503 1230 accidit,
527 1191 568 1222 ut
590 1184 856 1222 Alexandrino
876 1191 993 1234 atque
1018 1184 1201 1222 Africano
1226 1184 1326 1221 bello
1347 1184 1591 1221 interessem:
1615 1196 1701 1233 quae

246 1250 344 1287 bella
366 1263 587 1300 quanquam
611 1263 657 1287 ex
678 1257 787 1299 parte
816 1249 928 1286 nobis
951 1249 1112 1287 Caesaris
1133 1261 1306 1298 sermone
1325 1254 1412 1284 sunt
1431 1253 1521 1283 nota
1540 1261 1548 1290 ;
1579 1252 1705 1284 tamen

243 1314 352 1351 aliter
371 1313 549 1350 audimus
570 1326 627 1353 ea,
646 1326 733 1362 quae
749 1326 873 1350 rernm
896 1313 1065 1349 novitate
1085 1318 1151 1349 aut
1171 1311 1423 1349 admiratione
1445 1324 1513 1347 nos
1529 1310 1704 1360 capiunt;

241 1378 363 1422 aliter,
387 1390 475 1426 qnae
496 1390 566 1426 pro
587 1375 805 1413 testimonio
827 1389 958 1412 sumus
975 1374 1145 1413 dicturi.'
1200 1375 1418 1412 Dictionem
1442 1375 1574 1413 merito
1594 1374 1706 1412 etiam

243 1440 491 1479 commendat
510 1441 646 1477 Justus
670 1441 819 1489 Lipsius
837 1440 965 1477 Taciti
986 1439 1052 1476 lib.
1077 1450 1128 1477 11.
1157 1439 1297 1476 Aunal.
1332 1445 1340 1459 ⁴
1363 1439 1544 1483 Hirtius,'
1563 1438 1705 1487 inquit,

243 1514 250 1524 ‘
276 1506 484 1544 tersissimo
517 1505 606 1542 belli
640 1506 762 1543 Africi
795 1505 1138 1542 commentariolo.'
1214 1504 1374 1541 Videtur
1403 1511 1528 1541 tamen
1560 1504 1706 1543 Hirtius

245 1584 319 1607 non
341 1571 409 1607 ista
431 1570 552 1606 solum
575 1570 783 1618 scripsisse,
803 1569 865 1606 sed
890 1582 1147 1619 quaecumque
1167 1569 1297 1607 Caesar
1318 1576 1403 1618 post
1423 1568 1564 1605 bellum
1588 1567 1709 1605 (tatlss

245 1648 333 1672 enin
353 1634 527 1683 gessisset
552 1646 676 1682 usqne
697 1634 745 1670 ad
769 1632 883 1670 finem
907 1633 1008 1670 vitae.
1067 1633 1167 1670 Nam
1189 1631 1330 1669 ibidem
1351 1632 1474 1681 legas:
1508 1637 1515 1650 ‘
1541 1631 1709 1668 &missi-

246 1712 305 1736 me
339 1697 563 1747 imperfecta
598 1697 647 1733 ab
682 1698 797 1734 rebus
820 1696 934 1745 gestis
957 1695 1200 1733 Alexandriae
1221 1695 1385 1739 confeci,
1422 1708 1544 1744 nsque
1564 1694 1612 1731 ad
1634 1694 1710 1732 exi-

244 1770 339 1806 tum,
375 1775 448 1798 non
472 1760 622 1810 quidem
645 1760 764 1796 civilis
787 1759 1044 1802 dissensionis,
1080 1759 1192 1807 cnjus
1212 1757 1326 1795 tinem
1349 1757 1496 1795 nullum
1519 1757 1707 1802 videmus,

244 1826 308 1865 sed
333 1827 418 1863 vitae
440 1825 627 1862 ems-aris)
685 1824 824 1860 Verum
846 1830 955 1872 puto,
980 1823 1010 1860 si
1039 1823 1124 1859 libri
1141 1822 1189 1860 de
1213 1823 1312 1859 bello
1335 1821 1583 1870 Hispaniensi
1603 1821 1708 1870 ejus-

243 1891 330 1928 ‹lem
351 1896 476 1927 essent
496 1888 690 1931 auctoris;
722 1888 776 1925 uti
796 1887 952 1931 Gallici,
988 1885 1254 1929 Alexandrini,
1277 1892 1314 1923 et
1336 1885 1509 1922 Africani
1534 1885 1634 1929 belli,
1657 1884 1710 1923 ita

247 1953 510 2004 Hispaniensis
530 1952 642 1988 etiam
663 1951 834 1988 disertim
865 1951 1113 1988 meminisset.
1178 1951 1260 1987 Nec
1296 1949 1392 1985 liber
1423 1949 1453 1986 is
1481 1949 1583 1986 aliud
1607 1949 1709 1986 vide-

245 2027 318 2063 tur,
350 2030 465 2067 quam
488 2015 726 2065 ephemeris:
759 2020 801 2051 ut
821 2020 909 2050 sunt
935 2019 1157 2062 argumenta
1193 2012 1268 2057 illa,
1306 2018 1314 2031 ‘
1337 2011 1483 2049 Eodem
1505 2009 1716 2062 tempore,'

247 2090 255 2103 ‘
278 2081 455 2132 ejusdcm
476 2080 551 2116 diei
571 2081 769 2128 tempore,'
789 2077 1017 2127 similiaque,
1054 2090 1141 2126 quae
1174 2076 1227 2113 ibi
1250 2083 1473 2113 occurrunt.
1531 2077 1709 2115 Fortasse

250 2152 309 2184 est
330 2144 456 2182 Balbi.

303 2212 400 2247 Sane
421 2210 650 2246 CORNELH
684 2209 825 2245 BALBI
860 2206 1147 2256 ephemeridem
1181 2206 1314 2243 laudat
1337 2204 1519 2243 Sidonius
1551 2216 1615 2243 lx.
1647 2211 1709 2244 14.

251 2282 259 2296 ‘
284 2272 566 2322 Quis,’inquit,
599 2277 607 2291 ⁶
630 2272 741 2308 Balbi
776 2271 1072 2322 premeridem
1108 2270 1226 2307 fando
1259 2269 1557 2319 adaequaveritl'
1612 2271 1711 2307 Eum

249 2345 378 2376 autem
400 2344 505 2385 gesta
525 2336 686 2373 Ca‘saris
705 2336 888 2386 signasse,
924 2336 1067 2373 indicat
1091 2335 1297 2372 Suetonius
1332 2335 1366 2370 in
1387 2334 1477 2371 Julii
1499 2333 1588 2378 vita,
1621 2347 1711 2384 cap.

252 2408 317 2441 81.
351 2408 359 2421 ‘
382 2401 503 2448 Cujus
524 2400 590 2443 rei,
613 2413 657 2436 ne
681 2400 765 2449 quis
788 2399 999 2436 fabulosam
1022 2406 1087 2436 aut
1108 2398 1411 2436 commentitiam
1433 2402 1554 2446 putet,
1576 2403 1713 2435 auctor

249 2473 309 2504 est
328 2465 526 2503 Cornelius
550 2465 692 2502 l'5albns
715 2464 1035 2500 familiarissimus
1053 2463 1242 2500 Caesaris.'
1300 2464 1430 2510 Atque
1451 2461 1539 2497 olim
1556 2460 1711 2498 extitere

250 2531 412 2568 Caesaris
433 2530 480 2565 atl
505 2529 607 2565 bunc
625 2529 786 2565 Balbum
809 2528 1056 2577 epistolarum
1081 2527 1179 2571 libri,
1203 2525 1467 2563 familiaritatis
1488 2526 1594 2562 istius
1613 2522 1710 2562 indi-

251 2607 330 2638 ces,
349 2601 440 2630 teste
462 2592 590 2630 (tellio
612 2603 728 2630 xx'il.
751 2600 789 2637 9.

307 2657 382 2694 Sed
422 2657 450 2693 si
490 2657 595 2693 Balbi
626 2657 848 2706 premeris
882 2671 956 2694 non
989 2657 1052 2700 sit,
1097 2656 1255 2693 omnino
1287 2661 1422 2692 auctor
1460 2652 1556 2688 illius
1595 2650 1709 2688 suerit

251 2721 298 2758 C.
323 2722 512 2764 Ol'Plus,
543 2721 592 2757 ab
613 2721 804 2758 nonnullis
825 2722 1064 2759 existimatus
1084 2727 1216 2758 auctor
1236 2731 1381 2761 eorum,
1405 2730 1492 2766 quae
1516 2715 1640 2753 liin-tio
1661 2715 1710 2752 ab
