1872 3104
274 146 385 189 1984
748 162 789 191 c.
821 161 858 191 J.
892 162 1108 193 cAEsixnis
1143 164 1273 195 rrrA.

273 256 503 303 ἀνωμαλίας,
530 257 825 307 φιλοσοφηθεῖσα
853 262 1054 309 χαριέντως
1081 260 1138 295 ὑπ’
1168 260 1295 304 αὑτοῦ,
1329 261 1385 296 καὶ
1420 261 1522 297 τέλος
1541 259 1730 309 λαβοῦσα,

275 319 565 369 γλαφυρωτάτην
583 323 752 371 παρέσχε
776 324 923 371 χρείαν.
979 321 1038 359 Οὐ
1059 323 1131 371 γὰρ
1155 325 1270 373 μόνον
1290 325 1331 361 ἐν
1351 330 1421 361 τοῖς
1440 327 1612 361 παλαιοῖς
1631 326 1732 362 πάνυ

273 384 444 434 χρόνοις“
478 387 772 432 τεταραγμέναις
806 386 966 435 ἐχρῶντο
995 385 1170 435 Ῥωμαῖοι
1200 393 1278 424 ταῖς
1304 395 1376 425 τῶν
1404 395 1530 438 μηνῶν
1563 389 1648 437 πρὸς
1667 389 1731 426 τὸν

273 446 442 484 ἐνιαυτὸν
462 445 653 492 περιόδοις,
674 449 767 484 ὥστε
786 451 849 485 τὰς
868 452 996 486 θυσίας
1015 451 1074 486 καὶ
1095 453 1157 488 τὰς
1185 452 1321 500 ἑορτὰς,
1342 454 1615 503 ὑποφερομένας
1639 456 1731 490 κατὰ

271 510 412 559 μικρὸν,
443 511 493 546 εἶς
526 509 696 548 ἐναντίας
727 511 1000 551 ἐκπεπτωκέναι
1028 520 1099 551 τοῖς
1128 517 1275 565 χρόνοις
1305 518 1429 564 ὤραςῇ
1449 519 1549 554 ἀλλὰ
1570 519 1728 565 καὶπερὶ

273 577 339 618 τὴν
358 575 439 609 τότε
458 570 575 608 οὖσαν
594 574 750 617 ἡλιακὴν
764 575 777 596 ³
798 576 917 624 οἱμὲν
932 578 1043 614 ἄλλοι
1059 579 1276 615 πιιντιίπασι
1292 583 1428 616 τούτων
1448 581 1731 628 ἀσυλλογίστως

271 635 389 686 εἶχον,
412 636 445 673 οἱ
467 634 497 671 δ’
528 636 660 684 ἱερεῖς·ι
690 639 797 686 μόνοι
831 639 895 676 τὸν
927 641 1051 689 καιρὸν
1081 640 1228 687 εἰδότες,
1250 644 1432 694 ἐξαίφνης,
1461 646 1520 680 καὶ
1553 646 1732 697 προῃσθη-

270 704 385 747 μένου
404 698 572 749 μηδενὸς,
595 699 658 736 τὸν
679 699 888 749 ἐμβόλιμον
922 707 1182 755 προσέγραφονς
1214 715 1327 754 μῆνα,
1362 705 1617 754 Μερκηδόνιον
1648 708 1731 744 ὀνο·

270 765 465 812 μιίἓοντες,
488 764 530 800 ὃν
549 762 680 811 ’Νομᾶς
708 764 725 799 ὁ
755 762 935 808 βασιλεὺς
955 773 1091 814 πρῶτος
1119 767 1304 815 ἐμβαλεῖν
1332 772 1497 817 λέγεται,
1519 771 1652 820 μικρὰν
1672 772 1730 807 καὶ

271 828 532 865 θιατείνουσιιν
546 828 587 863 οὐ
606 827 728 877 πόῤῥω
746 826 928 874 βοήθειαν
949 830 1101 878 ἐξευρὼν
1126 837 1185 874 τῆς
1204 833 1285 879 περὶ
1305 835 1366 869 τὶις
1385 836 1701 872 ἀποκαταστάσεις
1714 834 1731 857 ⁶

272 894 540 942 πλημμελείας,
574 893 618 928 ὡς
653 893 695 927 ἐν
727 896 798 928 τοῖς
831 894 911 941 περὶ
940 893 1081 930 ἐκείνου
1115 897 1340 943 γέγραπται.
1398 896 1551 944 Καῖσαρ
1576 896 1628 942 δὲ,
1657 902 1732 934 τοῖς

270 960 430 1003 ἀρίστοις
462 962 533 992 τῶν
562 956 773 1005 φιλοσόφων
797 957 856 992 καὶ
874 958 1164 1005 μαθηματικῶν7
1201 957 1240 994 τὸ
1268 956 1472 1009 πρόβλημα
1499 962 1656 1008 προθεὶς,
1691 959 1731 997 ἐκ

271 1027 342 1057 τῶν
361 1020 609 1069 ὑποκειμένων
628 1018 693 1065 ἤδη
711 1018 876 1069 μεθόδων
893 1020 906 1041 ⁸
937 1018 1074 1066 ἔδειξεν
1102 1019 1204 1058 ἰδίαν
1237 1025 1319 1059 τινὰ
1349 1024 1407 1059 καὶ
1436 1021 1729 1074 διηκριβωμένην

930 1130 1068 1163 NOTAE

271 1200 351 1232 nihil
371 1202 485 1241 legere
510 1203 657 1234 memini.
705 1205 875 1236 Caesarem
893 1215 972 1237 vero
1025 1209 1103 1246 gato
1121 1204 1347 1245 προσέγραφον.
1385 1204 1572 1236 Pontifices
1584 1205 1648 1236 hoc
1665 1204 1730 1237 sibi

270 1254 361 1283 iai-ns
371 1253 489 1283 Fucini
503 1263 623 1294 aquam
634 1254 806 1287 deducere
817 1256 972 1296 voluisse,

269 1314 282 1333 t
291 1313 310 1333 x
327 1303 490 1334 Suetonio
507 1309 651 1335 constat.

312 1408 325 1434 1
364 1403 416 1434 'Eu
441 1406 505 1435 τοῖς
530 1406 673 1436 παλαιοῖς
698 1404 777 1436 πάνυ
801 1406 870 1446 χρ.]
899 1406 970 1437 Sub

267 1454 413 1486 Romulo
439 1456 603 1486 mensium
628 1455 719 1486 nulla
737 1456 822 1487 ratio
838 1461 970 1488 consta-

267 1505 340 1544 bat,
366 1506 476 1535 nnlins
503 1505 598 1543 ordo,
626 1505 685 1536 sed
707 1506 764 1537 alii
786 1506 970 1537 minoribus

267 1566 365 1597 qnam
385 1565 444 1587 xx.
463 1556 517 1586 alii
537 1565 652 1587 xxxv.
671 1557 726 1587 aiii
745 1557 895 1597 pluribus
912 1557 969 1587 nd-

266 1605 331 1636 huc
350 1605 468 1636 diebus
483 1605 723 1645 censebantur,
739 1616 849 1648 neque
866 1607 971 1637 varie-

266 1661 372 1687 tatem
389 1665 545 1686 cursuum
558 1657 635 1687 solis
652 1662 686 1687 et
701 1657 788 1687 lunae
802 1657 967 1698 intellige-

264 1705 361 1745 bant,
388 1705 446 1736 sed
477 1705 707 1737 observabant
730 1706 765 1737 id
791 1707 910 1747 solum,
931 1712 969 1738 ut

264 1764 369 1786 annus
408 1764 532 1787 ccCLx.
572 1756 689 1788 diebus
728 1756 968 1788 conficeretur.

264 1806 352 1837 Plut.
372 1806 478 1837 Numa
493 1816 523 1838 c.
542 1809 593 1838 18.

308 1859 327 1886 2
352 1855 400 1887 Εἰς
428 1855 566 1888 ἐναντίας
589 1856 681 1898 ὥρας]
714 1858 754 1889 In
780 1858 858 1889 anni
885 1863 967 1890 tem-

265 1915 348 1946 pora
363 1908 534 1938 contraria
548 1909 611 1938 τοῖς
634 1907 768 1947 χρόνοις,
785 1909 822 1939 iis
839 1914 967 1949 tempo-

264 1956 369 1992 ribus,
385 1957 507 1997 quibus
522 1958 689 1988 celebrari
707 1959 893 1991 debebant.

306 2009 324 2036 3
348 2006 513 2047 Ἧλιακῆν]
537 2008 590 2039 Sc.
617 2007 756 2047 περίοδον
779 2011 841 2039 τῶν
863 2011 966 2047 μηνῶν

263 2058 278 2086 ὁ
296 2057 431 2088 ἐνιαυτὸς
446 2057 573 2095 ἡλιακὸς
589 2064 640 2090 est
657 2062 730 2091 365.
754 2060 770 2090 ὁ
785 2060 967 2097 σεληνιακὸς

262 2111 336 2139 35-2.
354 2108 496 2140 dierum.
543 2109 664 2141 Numa»
680 2120 788 2141 annus
804 2116 876 2142 erat
892 2115 965 2142 455.

262 2158 404 2190 dierum.
449 2159 515 2192 Qui
543 2164 582 2191 ut
612 2159 653 2190 ad
676 2161 809 2200 justum
835 2161 966 2192 dierum

263 2210 340 2240 anni
367 2209 486 2240 solaris
509 2219 684 2241 numerum
709 2211 966 2250 proveheretur,

261 2259 423 2299 instituit,
463 2265 500 2291 nt
536 2261 683 2292 secundo
717 2266 851 2302 quoqne
879 2271 965 2293 anno

261 2310 385 2341 mensis
403 2311 617 2341 intercalaris
639 2311 860 2352 insereretur,
876 2313 967 2343 Mer-

262 2360 436 2401 cedonius,
466 2361 536 2391 sive
564 2364 618 2400 (nt
647 2362 679 2391 in
710 2362 823 2392 Numa
852 2371 881 2393 c.
914 2366 964 2394 18.

261 2411 419 2450 vocatnr)
444 2411 665 2442 Mercidinns.

303 2464 322 2492 4
344 2460 461 2500 Ἱερεΐς]
485 2460 683 2499 Pontificem,
706 2471 847 2502 quorum
877 2462 963 2493 arbi-

261 2510 328 2541 trio
346 2510 460 2541 Numa
477 2509 581 2542 fastos
598 2512 810 2552 permiserat.
852 2514 962 2545 Quam

259 2561 302 2591 ob
318 2570 454 2592 causam
470 2561 596 2600 Caesar,
614 2567 650 2592 ut
671 2562 831 2593 Pontifex
855 2563 964 2593 Maxi-

260 2620 345 2649 mus,
359 2610 465 2642 fastos
482 2611 546 2643 sibi
559 2612 788 2644 emendandos
806 2613 962 2653 putabat.

303 2664 321 2690 5
347 2660 561 2702 Προέγραφον]
582 2662 718 2703 Scripto,
738 2661 859 2703 publice
878 2663 951 2705 fixo

259 2710 494 2742 mumiabant.
539 2712 596 2744 Sic
623 2713 664 2744 R.
682 2713 779 2744 dedit
803 2723 866 2754 pro
889 2714 960 2744 vul-

1026 1255 1216 1293 sumebant,
1243 1255 1376 1295 qnando
1399 1255 1652 1295 magistratibus
1675 1264 1732 1286 an-

1025 1308 1101 1336 nuis
1140 1305 1317 1346 imperium
1355 1315 1539 1346 prorogare
1576 1306 1730 1338 mallent.

1027 1357 1155 1388 Contra
1171 1356 1376 1388 omittebant
1392 1356 1661 1388 Meri-edonium.

1067 1410 1087 1438 6
1111 1406 1395 1438 Ἀποκαταστάσεις
1420 1411 1472 1438 est
1488 1407 1520 1437 in
1538 1406 1661 1438 scholis
1679 1416 1729 1438 as-

1024 1461 1263 1497 tronomorum,
1279 1467 1354 1488 cnm
1379 1456 1533 1488 artificiis
1549 1457 1615 1488 suis
1632 1466 1730 1488 auno-

1024 1517 1098 1538 rum
1128 1508 1378 1549 inaequalitates
1410 1507 1598 1547 corrigunt,
1628 1512 1662 1538 et
1685 1507 1727 1538 ad

1024 1559 1240 1590 concordiam
1257 1569 1372 1590 secum
1399 1562 1567 1589 astrorum
1590 1557 1661 1589 vias
1678 1567 1729 1589 re·

1026 1613 1160 1649 vocant,
1174 1613 1210 1640 ut
1223 1609 1265 1639 ad
1281 1608 1416 1640 casdem
1433 1607 1558 1639 orbita<
1574 1607 1728 1648 redeant,

1024 1659 1144 1699 quibus
1161 1659 1238 1689 oiim
1256 1658 1486 1689 incessissent.
1536 1656 1661 1689 Rriske.

1066 1711 1084 1738 7
1108 1709 1177 1739 Τοῖς
1200 1708 1335 1749 ἀρίστοις
1349 1720 1379 1739 τ.
1397 1713 1464 1747 φιλ.
1481 1707 1530 1738 καὶ
1543 1707 1632 1748 μαθ.]
1657 1707 1729 1739 Cae·

1024 1769 1077 1790 sai·
1108 1759 1321 1800 potissimum
1356 1769 1434 1790 usus
1465 1765 1518 1790 est
1551 1759 1727 1799 Sosigene‚

1023 1813 1216 1840 astronomo
1240 1809 1486 1847 Alexandrino,
1513 1809 1554 1839 ad
1579 1810 1728 1840 rationes

1022 1861 1263 1891 astronomicas
1279 1860 1452 1899 ineundaS‚
1466 1864 1501 1890 et
1519 1859 1632 1890 Flavio
1647 1869 1728 1900 quo-

1021 1910 1111 1950 dam,
1126 1910 1169 1941 ad
1186 1910 1291 1942 fastos
1315 1910 1347 1940 in
1371 1910 1601 1940 Romanorum
1627 1918 1723 1939 usum

1021 1961 1285 2000 componendos,
1303 1965 1339 1990 nt
1354 1959 1533 1997 Kalend-«11,
1549 1958 1644 1995 Idus,
1656 1958 1726 1989 No·

1021 2019 1073 2040 me
1090 2010 1232 2051 diesque
1259 2009 1335 2040 sesti
1353 2009 1385 2039 in
1404 2019 1464 2039 sna
1491 2009 1614 2048 quique
1644 2013 1726 2038 tem-

1020 2069 1103 2099 pora
1134 2059 1430 2090 distribuerentur.
1478 2059 1589 2090 Quam
1615 2067 1727 2088 einen-

1019 2109 1193 2139 datione-ni
1223 2119 1298 2139 cuni
1327 2110 1440 2139 Cacsar
1467 2107 1610 2147 faceret,
1638 2117 1725 2139 anno

1021 2169 1052 2190 a.
1079 2159 1122 2189 U.
1149 2169 1178 2189 c.
1205 2162 1292 2198 708„
1311 2169 1340 2190 a.
1366 2159 1444 2190 Chr.
1467 2168 1499 2188 n.
1525 2160 1590 2196 46„
1609 2166 1725 2189 van.

1020 2210 1092 2241 dies
1109 2209 1256 2241 addendi
1280 2214 1391 2248 erant,
1408 2219 1449 2239 ne
1466 2209 1620 2249 proximo
1637 2218 1724 2240 anno

1020 2260 1099 2292 fasti
1118 2271 1136 2290 a
1153 2270 1233 2291 vero
1248 2265 1402 2300 tempore
1419 2259 1565 2290 abirent.
1603 2258 1723 2290 Annus

1021 2316 1091 2342 tum
1120 2310 1161 2341 ad
1185 2320 1319 2341 cursum
1349 2310 1428 2341 solis
1450 2309 1725 2341 accommodatus

1020 2366 1085 2401 est,
1112 2366 1150 2392 ut
1177 2370 1325 2393 cccrxv.
1343 2360 1461 2391 diebus
1484 2364 1672 2399 constaret,
1687 2363 1724 2390 et

1020 2418 1141 2452 quarto
1167 2422 1299 2452 quoqne
1331 2421 1417 2442 anno
1449 2416 1527 2451 post
1559 2413 1720 2441 xxuimum

1018 2463 1120 2494 Febr.
1149 2462 1221 2494 dies
1253 2461 1466 2493 intercalaris
1499 2461 1718 2491 insereretur.

1019 2513 1072 2544 Cf.
1088 2514 1230 2544 Sueton.
1243 2512 1315 2545 Jul.
1333 2522 1363 2544 c.
1379 2516 1431 2544 40.

1060 2566 1080 2594 8
1103 2561 1260 2602 Μεθόδων]
1288 2563 1395 2594 Verte
1423 2570 1498 2592 cum
1521 2557 1718 2598 Xylandro:

1017 2622 1057 2643 ex
1081 2613 1232 2644 methodis
1252 2612 1323 2650 jam
1352 2615 1419 2642 tum
1447 2610 1489 2641 ab
1519 2608 1718 2640 astronomis

1018 2663 1237 2704 peritioribus
1253 2662 1397 2694 inventis.
