1872 3104
222 163 335 205 1944
698 179 737 208 c.
769 178 806 208 J.
838 178 1053 210 cAESAms
1086 180 1217 211 vrrA.

223 274 315 308 ὥστε
333 271 412 309 τοὺς
433 279 518 311 νοῦν
547 278 705 325 ἔχοντας
737 277 906 323 ἀγαπᾷν,
940 279 972 312 εἰ
1006 276 1089 322 πρὸς
1116 275 1233 324 μηδὲν
1262 279 1384 314 αὐτοῖς
1415 283 1556 328 χεῖρον,
1575 281 1676 318 ἀλλὰ

219 337 441 387 μοι’·ιιοχιίιν,
461 339 499 374 ἑκ
515 343 677 383 τοιαύτης
697 340 974 386 παραφροσύνης
994 342 1050 375 καὶ
1076 345 1247 377 τοσούτου
1266 340 1444 378 κλύδωνος
1465 343 1674 380 ἐκπεσεῖται

220 402 264 435 τὰ
286 401 499 446 πραίγιιιιτιι.
559 402 701 438 Πολλοὶ
725 402 753 439 θ’
775 401 869 446 ἦσαν
889 404 923 439 οἱ
943 406 998 439 καὶ
1020 407 1150 450 λέγειν
1171 406 1212 440 ἐν
1243 409 1342 455 μέσῳ
1372 409 1576 453 τολμῶντες
1594 405 1676 452 ἤδη,

219 464 316 506 πλὴν
340 466 405 497 itm»
427 469 631 514 μοναρχίας
652 468 855 508 ἀνήκεστον
876 465 972 503 εἶναι
1003 471 1068 510 τὴν
1099 471 1303 511 πολιτείαν,
1325 471 1380 504 καὶ
1413 470 1451 504 τι)
1485 474 1676 519 φάρμακον

218 533 322 562 τοῦτο
357 533 488 574 xoium
521 532 582 561 τοῦ
614 533 819 574 πρᾳοτάτου
854 537 923 566 τῶν
957 533 1089 577 ἰατρῶν
1119 532 1355 580 ἀνασχέσθαι
1396 538 1674 583 προσφέροντος·

220 588 484 631 ὑποδηλοῦντες
519 589 582 625 τὸν
614 589 843 638 Πομπηίον.6
896 592 995 628 Ἐπεὶ
1028 591 1068 628 δὲ
1100 595 1272 637 κάκεῖνος,
1294 597 1395 645 λόγῳ
1417 598 1675 643 παραιτεῖσθαι

219 653 558 700 καλλωπιὲόμενος,
580 655 674 703 ἔργῳ
696 656 831 690 παντὸς
853 658 1001 703 μᾶλλον
1023 657 1215 704 ἐπέραινεν
1235 659 1272 700 ἐξ
1290 656 1343 693 ὦν
1363 657 1677 709 ἀναδειχθήσοιτο

217 713 402 763 δικτάτωρ,
439 718 760 764 συμφρονήσαντες
790 718 822 753 οἱ
858 721 937 765 περὶ
972 720 1145 762 Κάτωνα,
1177 723 1342 756 πείθουσι
1377 725 1441 766 τὴν
1472 727 1675 770 γερουσίαν

218 779 358 813 ὕπατον
388 779 501 815 αὑτὸν
536 778 724 824 ἀποδεῖξαι
757 782 884 828 μόνον,
907 783 951 816 ὡς
987 785 1036 829 μὴ
1068 781 1244 827 βιάσαιτο
1277 782 1449 832 δικτάτωρ
1478 789 1670 832 γενέσθαι,

218 845 445 890 νομιμωτέρᾳ
465 847 655 892 μοναρχίᾳ
678 846 954 890 παρηγορηθείς.
1011 843 1060 880 Οἱ
1083 842 1122 880 δὲ
1155 847 1213 881 καὶ
1242 849 1407 895 χρόνον7
1440 849 1671 898 ἐψηφίσαντο

219 910 291 940 τῶν
325 905 527 955 ἐπαρχιῶν.
599 906 672 941 Δύο
703 905 731 942 δ’
763 904 879 956 εἶχεν,
912 905 1078 953 Ἰβηρίαν
1112 910 1168 945 καὶ
1200 908 1353 956 Λιβύην
1384 914 1598 959 σύμπασαν,
1632 915 1675 949 ἃς

217 965 334 1016 διῴκει
356 967 584 1017 πρεσβευτὰς
603 972 861 1013 ἀποστέλλων,
898 971 955 1007 καὶ
987 975 1240 1021 στρατεύματα
1261 977 1409 1024 τρέφων,
1432 972 1484 1011 οἷς
1503 974 1676 1025 ἐλάμβα-

218 1045 281 1067 νεν
301 1032 339 1067 ἐκ
358 1036 419 1068 τοῦ
439 1030 618 1081 δημοσίου
638 1037 790 1083 ταμείου
810 1037 918 1084 χίλια
938 1035 1105 1071 τάλαντα
1127 1038 1204 1073 καθ’
1223 1038 1377 1075 ἕκαστον
1396 1038 1578 1075 ἐνιαυτόν.

735 1247 771 1288 C
785 1247 827 1288 A
841 1248 893 1289 P.
958 1249 1160 1291 XXIX.

219 1341 354 1372 Caesare
379 1353 509 1385 quoque
528 1346 801 1386 prorogationem
827 1348 961 1387 imperii
989 1351 1128 1388 petente
1156 1354 1192 1379 et
1216 1347 1453 1388 largitionibus
1480 1356 1550 1378 rem
1577 1357 1671 1378 suam

257 1395 402 1436 juvante
431 1397 612 1438 Pompeius
641 1410 661 1430 a
685 1400 820 1431 Caesare
850 1401 998 1441 legiones
1026 1412 1103 1432 snas
1133 1402 1291 1442 reposcit,
1317 1401 1416 1441 eique
1442 1409 1672 1432 successorem

257 1448 449 1489 eligendum
467 1456 594 1482 censet.
641 1453 708 1484 Sed
735 1454 828 1484 vanis
858 1454 898 1484 de
926 1454 1068 1485 Caesaris
1092 1454 1245 1485 exercitu
1269 1453 1457 1484 rumoribus
1473 1453 1596 1494 sparsis
1620 1453 1669 1484 ita

265 1501 437 1543 delinitur,
454 1509 491 1535 ut
508 1506 697 1537 exercitum
716 1517 835 1547 parare
852 1508 1014 1548 negligat.

267 1608 328 1644 Ἐκ
357 1610 483 1646 τούτου
515 1611 664 1660 Καῖσαρ
697 1613 878 1649 ὑπατείαν
912 1613 1072 1660 ἐμνᾶτοι
1107 1612 1354 1662 πέμπων,,καὶ
1385 1611 1521 1661 χρόνον
1541 1610 1672 1659 ὁμοίως

214 1677 286 1708 τῶν
308 1670 411 1709 ἰδίων
432 1675 633 1725 ἐπαρχιῶν.
703 1676 757 1713 Τὸ
786 1677 857 1726 μὲν
889 1675 953 1712 οῗιν
983 1683 1124 1723 πρῶτον
1154 1674 1355 1724 Πομπηΐου
1390 1679 1607 1718 σιωπῶντος,
1637 1673 1673 1710 οἶ

214 1736 295 1782 περὶ
316 1734 540 1784 ΒΙάρκελλον
559 1740 617 1774 καὶ
638 1737 813 1775 Λέντλον
846 1742 1095 1783 ἠναντιοῦντο,
1128 1742 1319 1787 μισοῦντες
1338 1737 1458 1773 ἄλλως
1480 1736 1670 1785 Καίσαρα,

213 1799 272 1833 καὶ
291 1803 365 1834 τοῖς
384 1800 603 1847 ἀναγκαίοις
631 1804 695 1837 οὐκ
727 1803 920 1846 ἀναγκαῖα
941 1804 1195 1849 προστιθέντες
1230 1803 1281 1837 εἷς
1309 1801 1461 1850 ἀτιμίαν
1481 1801 1593 1836 αὐτοῦ
1613 1800 1673 1836 καὶ

216 1864 532 1912 προπηλακισμόν.
590 1863 825 1915 Νεοκωμίτας
840 1866 856 1883 ²
875 1867 948 1915 γὰρ
968 1866 1132 1915 ἔναγχος
1151 1864 1219 1900 ὑπὸ
1235 1863 1424 1911 Καίσαρος
1441 1863 1481 1899 ἐν
1498 1860 1670 1910 Γαλατίᾳ

877 1981 1017 2012 NOTAE

255 2051 276 2079 6
297 2048 356 2079 Τὸν
371 2051 487 2092 Πομπ.]
511 2051 591 2082 Vid.
610 2052 702 2083 Plut.
721 2053 842 2095 Pomp.
859 2057 912 2085 53.

211 2108 248 2129 se
301 2121 308 2130 .

252 2109 295 2179 (ξι
311 2148 442 2189 Χρόνον]
496 2151 667 2191 Ἐψηφίσθη
694 2154 720 2184 δ’
749 2154 831 2193 αὒτῷ
858 2154 914 2185 τὰς

213 2198 362 2240 ἐπαρχίας
378 2199 462 2238 ἔχειν
475 2201 505 2232 ἐς
520 2202 621 2239 ἄλλην
636 2203 826 2244 τετραετίαν.

257 2303 272 2330 1
296 2300 458 2332 “x-mnino
474 2302 600 2343 ἐμνᾶτο]
622 2304 786 2345 Pompeio
803 2305 911 2336 adhuc

211 2351 362 2390 consule,
384 2361 413 2382 a.
431 2353 509 2384 Chr.
535 2358 587 2384 52.
615 2359 650 2385 et
677 2355 757 2385 nihil
782 2360 913 2386 contra-

211 2399 358 2430 dicente.
413 2401 584 2442 Petierat,
610 2408 647 2434 ut
679 2404 810 2435 absenti
837 2405 912 2444 sibi,

210 2449 411 2491 quandoque
448 2451 580 2492 imperii
613 2458 746 2493 tempus
780 2455 910 2494 expleri

209 2499 370 2540 coepisset
399 2502 519 2541 petitio
552 2503 688 2534 secundi
716 2505 910 2535 consulatus

207 2550 357 2590 daretur,
374 2560 415 2582 ue
431 2562 472 2583 ea
488 2562 590 2584 causa
605 2555 767 2585 maturius
792 2560 827 2586 et
851 2555 910 2586 im-

210 2600 362 2638 perfecto
379 2603 486 2634 adhuc
511 2603 597 2635 bello
620 2604 786 2646 (Gallico)
810 2605 909 2637 dece-

208 2647 318 2679 deret.
363 2652 455 2682 Suet.
470 2653 540 2684 Jul.
557 2657 608 2685 26.
647 2655 806 2685 Proximo
821 2664 908 2686 anuo

208 2700 335 2737 Quat,
354 2709 417 2731 non
433 2702 503 2733 sine
521 2712 623 2734 causa
639 2704 703 2735 sibi
726 2704 865 2745 veritus,
880 2705 907 2736 si

969 2054 1122 2095 privatus
1158 2053 1269 2091 fieret,
1306 2052 1449 2083 inimicis
1491 2051 1669 2091 imperium

969 2103 1183 2142 habentibus,
1214 2103 1263 2134 sui
1293 2103 1356 2134 sibi
1386 2102 1520 2142 imperii
1553 2111 1671 2142 proro-

968 2155 1138 2194 gationem
1169 2153 1319 2194 petebat.
1379 2151 1529 2183 Obstitit
1558 2151 1670 2183 Marc.

969 2205 1128 2237 Claudius
1140 2205 1324 2236 Marcellus
1340 2203 1470 2242 consul,
1484 2211 1559 2234 cum
1571 2202 1670 2233 Serv.

967 2256 1060 2295 Sulp.
1079 2254 1165 2285 Rufo
1182 2264 1212 2284 a.
1231 2255 1310 2285 Chr.
1328 2263 1360 2284 n.
1378 2257 1431 2283 51.
1476 2253 1563 2283 Tum
1580 2252 1669 2283 acci-

968 2305 1030 2345 dit,
1048 2305 1134 2346 quod
1151 2309 1266 2336 noster
1288 2303 1351 2334 sub
1375 2302 1475 2334 finem
1502 2302 1572 2342 huj.
1590 2310 1666 2342 cap.

967 2361 1002 2387 et
1034 2356 1066 2386 in
1097 2356 1166 2386 Vit.
1200 2356 1318 2394 Pomp.
1344 2363 1375 2384 c.
1402 2356 1454 2384 58.
1484 2352 1526 2383 de
1555 2352 1668 2392 legato

967 2405 1108 2436 Caesaris
1135 2409 1258 2443 narrat,
1284 2403 1372 2444 quod
1398 2403 1526 2434 dictum
1540 2401 1670 2443 Appia-

965 2464 1026 2485 nus
1041 2465 1069 2485 c.
1085 2458 1136 2485 25.
1162 2454 1286 2485 Caesari
1313 2453 1379 2494 ipsi
1405 2452 1534 2483 tribuit.
1578 2452 1666 2482 Len-

967 2505 1055 2535 tulus
1083 2504 1110 2534 is
1137 2513 1210 2535 esse.
1228 2503 1376 2542 videtur,
1393 2502 1450 2543 qui
1466 2512 1496 2532 a.
1522 2501 1601 2532 Chr.
1628 2509 1663 2531 n.

965 2557 1016 2586 49.
1047 2554 1162 2585 consul
1191 2552 1268 2592 fuit,
1298 2553 1397 2593 plene
1422 2552 1460 2583 L.
1486 2548 1662 2580 Cornelius

963 2605 1126 2636 Lentulus
1143 2605 1228 2636 erus
1243 2603 1442 2644 appellatus.

1004 2658 1023 2686 2
1047 2653 1255 2695 Νεοκωμίτας]
1280 2650 1452 2689 Νεόκωμον,
1469 2650 1660 2681 Novumco-

961 2715 1062 2747 mum,
1091 2705 1211 2737 urbem
1239 2703 1274 2735 in
1299 2701 1458 2742 Alpibus,
1487 2700 1660 2741 rogatione
