1872 3104
283 168 408 211 xlviii

284 271 451 304 Carnicum
474 271 505 304 G
532 270 582 312 iii,
607 274 660 302 21.
684 271 840 302 cuniculus
860 274 986 311 apertus

326 315 359 347 G
377 315 432 355 vii,
447 317 500 347 22.

285 358 385 398 Cupa,
401 357 482 390 dolii
500 367 605 398 genus
622 356 692 395 viii,
708 359 760 387 42.
785 356 812 387 C
829 355 864 393 ii,
883 358 933 386 ll.

287 401 406 441 Cupere
429 399 523 431 alicui
549 401 569 438 i,
594 403 643 430 lS.
690 399 778 440 quod
807 398 897 438 apud
916 399 987 429 Cic.

326 448 390 480 est,
403 443 504 473 omnia
520 443 648 480 alicujus
663 451 753 472 causa
771 442 855 472 enat.

934 175 1091 207 INDEX

1080 269 1137 302 G
1130 279 1152 311 ι,
1177 271 1228 301 27.
1281 274 1317 300 et
1347 268 1380 300 in
1409 268 1596 300 deditionem
1625 269 1741 310 venire,

1080 312 1123 343 de
1150 322 1215 353 qua
1239 310 1348 343 forma
1371 311 1533 353 loquendi
1559 311 1631 352 egit
1655 311 1741 343 Ver-

1080 355 1171 395 he>k
1195 354 1238 386 ad
1256 356 1400 395 Eutrop.
1421 354 1477 385 G'
1470 354 1503 392 ii,
1530 356 1562 385 2.
1586 355 1695 384 dedere
1710 364 1742 385 se

1080 397 1230 428 amicitia:
1241 397 1413 428 alteriusG
1435 397 1482 435 iii,
1498 399 1550 428 22.
1576 395 1665 437 quod
1683 396 1743 427 ibi-

1082 440 1159 470 dem
1177 444 1240 478 est,
1255 440 1410 471 det-*moure

287 487 417 516 Cursum
445 489 563 522 tenere,
589 485 622 514 in
647 484 766 514 eadem
791 484 856 522 xia,
888 493 988 524 quam
1040 483 1201 513 Dalm-ere
1224 491 1317 512 umes
1339 492 1358 513 e
1375 481 1516 513 littore'
1509 491 1542 511 in
1563 491 1669 519 mare,
1690 492 1745 511 κα-

328 527 511 564 institeras‚
536 535 685 565 manere,
711 526 753 556 ab
777 536 817 556 ea
841 536 906 556 nou
932 526 989 556 de-

327 569 456 617 moveri
472 568 529 600 G
521 578 566 607 iv,
591 571 644 598 28.
669 578 701 607 v,
728 572 761 607 5,
790 571 821 598 8.
850 570 989 609 Oppon.

289 620 451 700 ειῖἷῖἑῗιξῇ,
466 651 522 725 4<1⁴2
547 651 685 684 militari
712 651 873 691 praesidio
897 652 929 683 G
955 652 989 692 ii,

329 698 383 727 29.
406 704 452 735 iv,
490 717 500 726 .

624 823 658 853 D

290 908 378 939 Dare
393 907 523 948 aliquem
543 907 577 938 in
591 906 708 947 sugam
725 907 756 938 G
774 906 808 946 ii,
836 909 889 937 23.
921 906 995 936 dare

331 949 556 991 (concedere)
582 950 676 981 alicui
712 950 772 980 iter
806 958 862 990 per
898 949 995 979 locum

333 993 366 1024 G
390 993 413 1032 i,
437 996 468 1023 8.
513 993 625 1023 vitalum
646 994 725 1023 711an
740 993 794 1022 dat
817 991 996 1031 remedium,

333 1036 487 1066 continet
503 1036 704 1071 remedium,
728 1035 767 1064 fit
783 1033 909 1065 remed.
927 1034 954 1065 C
971 1032 995 1072 i,

334 1079 389 1108 81.
432 1078 526 1108 datur
547 1077 641 1107 alicui
662 1077 823 1117 dubitatio,
846 1080 912 1114 est,
935 1085 996 1106 cur

333 1119 455 1160 aliquis
481 1119 615 1150 dubitet
639 1119 670 1151 G
695 1119 717 1156 i,
745 1121 797 1150 14.
842 1120 917 1149 dare
929 1118 996 1156 jus-

324 1161 509 1201 jurandum,
536 1162 656 1202 jurare
689 1161 721 1192 G
752 1161 809 1200 vii,
839 1163 870 1191 2.
924 1161 998 1191 dare

332 1205 418 1235 inter
443 1214 475 1235 se
486 1204 587 1246 fidem
611 1208 641 1235 et
654 1204 891 1253 jusjurandum,⁸
904 1202 999 1243 jure-

328 1247 477 1288 jurando
512 1247 576 1277 sibi
607 1247 753 1277 invicem
785 1246 999 1286 promittere,

335 1290 514 1330 conjurare
532 1289 604 1329 Gi,
620 1292 651 1321 3.
680 1290 756 1319 dare
780 1299 888 1319 manus
914 1287 1000 1329 (xic-

334 1331 418 1372 tas),
434 1332 558 1363 cedere
576 1314 675 1363 alteri
694 1332 725 1363 G
743 1341 776 1370 v,
793 1334 845 1362 31.

293 1374 345 1405 De
370 1375 466 1405 tertia
490 1375 616 1414 vigilia,
645 1375 745 1415 paulo
771 1378 849 1414 post
867 1373 999 1404 initium

337 1417 424 1457 ejus,
441 1427 563 1457 magna
591 1418 665 1457 ejus
689 1421 787 1457 parte
814 1416 946 1457 reliqua
969 1415 1000 1446 G

337 1459 361 1498 i,
386 1463 437 1497 12,
463 1464 502 1490 ut
528 1460 559 1491 G
589 1460 623 1498 ii,
649 1463 681 1499 7,
711 1461 748 1490 de
769 1459 871 1489 media
901 1461 1001 1497 nocte,

338 1505 376 1532 et
400 1502 526 1533 Horat.
544 1503 653 1542 Epist.
670 1503 692 1541 i,
711 1505 744 1540 2,
767 1504 822 1540 32,
845 1502 882 1531 de
902 1504 1000 1531 nocte.

338 1543 418 1575 Non
448 1544 603 1575 omnibus
631 1549 744 1575 tamen
775 1543 810 1574 in
841 1543 923 1574 locis
954 1543 1003 1574 ita

339 1586 482 1626 intelligi
499 1591 624 1626 potest.

296 1629 457 1660 Decedere
472 1629 566 1659 alicui
583 1629 634 1659 via
650 1628 682 1659 G
699 1627 744 1666 vi,
762 1630 814 1659 13.

296 1672 488 1711 Deoernere,
511 1680 663 1712 pugnare
681 1671 708 1702 C
724 1671 771 1711 iii,
793 1673 845 1701 41.

297 1756 482 1796 Decertare,
497 1759 632 1786 certare
650 1755 682 1786 G
698 1753 769 1794 viii,
783 1757 818 1785 7.

296 1799 448 1830 necessus
472 1802 576 1838 aestus,
603 1796 752 1828 refluxus
778 1797 889 1838 maris,
913 1796 1003 1837 quod

340 1842 431 1872 ultra
453 1841 568 1872 littora
591 1839 734 1872 effusum
760 1839 875 1871 fuerat
897 1839 929 1870 G
954 1839 1005 1879 iii,

299 1925 484 1956 Decumana
503 1929 606 1966 porta,
628 1929 727 1965 porta
743 1929 945 1964 castrorum,
963 1924 1004 1955 ab

341 1967 498 1999 hostibus
521 1977 656 2015 aversa,
678 1968 872 2007 ceterisque
896 1968 1006 2007 major

342 2010 428 2046 Gii,
442 2012 495 2040 24.
520 2009 567 2047 iii,
582 2012 634 2040 25.
667 2010 839 2047 decunwni,
862 2009 1004 2040 decimae

343 2052 490 2093 legionis
506 2033 633 2083 milites
650 2051 706 2082 Af.
724 2055 775 2083 16.
800 2052 833 2083 Η
851 2054 904 2082 30.

300 2095 508 2135 Decuriones,
541 2094 800 2134 municipiorum
831 2098 1006 2125 senatores

343 2139 371 2169 C
388 2138 410 2176 i,
427 2141 479 2177 13,
502 2140 555 2168 23.
584 2138 639 2168 De
656 2137 707 2168 his
725 2137 917 2177 nuperrime
935 2137 1007 2167 dili-

344 2180 633 2221 genterexposuit
646 2180 773 2221 Georg.
789 2179 897 2211 Henr.
914 2180 1006 2210 Mar-

344 2223 408 2254 tini
437 2222 471 2253 in
504 2223 746 2264 Propemptico
781 2232 816 2262 p.
855 2225 896 2253 30
933 2232 1006 2271 sqq.

345 2265 482 2297 Βεεωίο
510 2269 631 2296 turmae
662 2265 847 2307 equestris,
886 2264 941 2305 qui
976 2263 1008 2295 ei

345 2312 486 2349 praeest,
500 2313 538 2338 ut
555 2309 722 2340 Centurio
738 2307 915 2346 centuriae,
935 2307 991 2339 G
984 2318 1007 2346 1,

346 2353 400 2382 23.
429 2349 485 2381 Af.
501 2353 553 2381 29.
579 2351 609 2380 V
613 2356 699 2391 eget.
715 2351 757 2381 de
774 2361 811 2381 re
824 2350 915 2381 mil.
908 2350 942 2391 1i,
956 2353 1006 2381 14.

304 2393 478 2425 Decurrere
492 2393 524 2424 in
539 2396 663 2435 portum
679 2392 738 2424 Af.
755 2396 785 2424 3.

304 2435 475 2475 Deo-ursio,
501 2436 650 2467 incursio
681 2436 813 2467 hostilis
844 2435 878 2466 in
910 2445 1008 2475 agros

347 2479 380 2510 G
409 2479 480 2518 viii,
507 2482 561 2510 24.
585 2478 616 2509 A
645 2482 696 2510 42.
735 2478 866 2519 Saepius
884 2478 1010 2509 dicitur

348 2531 494 2552 zncursw.

304 2565 458 2595 Decutere
471 2563 653 2604 proesz'dz'um
669 2565 744 2596 colle
760 2563 817 2595 Af.
839 2567 891 2595 50.
937 2563 1012 2595 Usi-

348 2607 452 2637 tatius
467 2606 608 2645 dejicere.

307 2649 429 2679 Dedere
444 2659 488 2688 se,
505 2659 553 2689 se,
569 2659 622 2680 res
640 2659 716 2679 suas
733 2658 772 2680 ac
788 2649 893 2680 vitam
910 2649 1011 2689 plane

349 2692 549 2729 permittere
580 2692 722 2722 arbitrio
753 2696 789 2722 et
819 2692 1010 2723 clementim

350 2733 510 2765 victoris:
535 2735 623 2766 uude
648 2734 767 2766 dedicio
793 2739 827 2765 et
849 2734 1012 2766 dediticii:

873 1669 931 1700 Af.
951 1673 1002 1701 14.

1082 523 1191 564 τάγειν
1223 525 1254 555 G
1284 533 1318 562 v,
1345 526 1376 554 2.
1405 523 1461 555 Af.
1485 527 1537 555 62.
1563 523 1606 554 cf.
1634 524 1746 554 subdu-

1083 577 1160 598 cere.
1203 567 1350 597 deducere
1375 576 1408 596 se
1423 570 1614 607 εοοηερειτιι
1641 566 1674 597 Η
1693 568 1746 596 18.

1084 610 1191 640 decimi
1223 610 1254 639 iu
1283 609 1418 649 aliquem
1444 618 1546 639 cusum
1575 609 1607 640 G
1632 608 1668 649 ii,
1693 611 1747 639 31.

1083 653 1192 683 deduci
1223 653 1255 682 in
1283 651 1455 691 periculum
1488 651 1515 682 C
1538 651 1561 688 i,
1597 653 1648 682 19.
1696 652 1749 681 de-

1085 696 1195 725 ducere
1210 704 1275 724 rem
1292 694 1319 725 C
1345 694 1391 731 iv,
1418 696 1470 724 62.
1501 696 1555 724 70.
1601 694 1749 723 deducere

1087 736 1307 767 introducere
1332 736 1360 767 C
1386 736 1408 775 i,
1436 738 1485 766 19.
1511 735 1559 774 iii,
1585 737 1638 767 31.
1655 735 1686 767 G
1703 735 1749 775 iv,

1088 781 1141 809 22.
1164 779 1222 817 vii,
1237 781 1290 809 68.

1046 820 1209 850 Deductus
1233 821 1371 860 praemiu,
1395 819 1463 851 vid.
1489 819 1531 851 ad
1559 820 1589 852 G
1615 820 1673 860 vii,
1697 822 1750 851 37.

1089 862 1117 893 C
1138 863 1161 901 i,
1177 865 1207 893 7.

1047 905 1162 937 Deesse
1187 905 1351 944 occasioni,
1375 913 1414 935 ea
1429 913 1494 935 non
1512 904 1575 942 uti,
1602 905 1754 936 commit-

1090 951 1164 979 tere
1180 947 1319 988 aliquid,
1347 956 1452 988 quare
1469 946 1624 978 manibus
1641 947 1755 978 elaba-

1092 995 1149 1021 tur
1167 990 1194 1021 C
1211 990 1258 1029 iii,
1275 992 1328 1021 79.

1048 1032 1223 1071 Defendere
1251 1032 1373 1072 bellum,
1405 1041 1533 1072 arcere,
1562 1031 1756 1073 prohibere,

1092 1085 1128 1106 se
1155 1075 1198 1106 ab
1221 1074 1354 1115 injuriis
1381 1080 1417 1105 et
1446 1075 1575 1115 impetu
1602 1074 1681 1106 belli
1697 1075 1755 1106 de-

1092 1117 1233 1149 fendere
1251 1118 1282 1149 G
1300 1118 1323 1157 i,
1338 1120 1392 1148 44.
1417 1117 1463 1156 vi,
1491 1120 1544 1148 23.
1589 1116 1754 1155 defendere

1092 1160 1210 1191 hostem
1225 1171 1244 1191 a
1259 1162 1335 1199 loco,
1351 1169 1466 1191 arcere
1483 1159 1514 1190 G
1533 1159 1602 1199 viii,
1617 1162 1648 1191 9.

1050 1202 1249 1242 Defensores,
1265 1202 1419 1241 sublicae,
1432 1202 1539 1233 veluti
1553 1203 1665 1242 paries
1677 1211 1756 1234 con-

1094 1249 1147 1275 tra
1162 1244 1309 1276 fluminis
1325 1245 1393 1275 vim
1410 1244 1521 1275 infixae
1539 1245 1571 1276 G
1588 1245 1634 1283 iv,
1652 1248 1704 1275 17.

1051 1287 1157 1329 Dcfici
1178 1298 1197 1318 α
1222 1286 1341 1318 ‘rit-ibus
1369 1287 1398 1317 C
1422 1287 1469 1327 iii,
1495 1289 1557 1317 6-1:
1583 1287 1631 1317 sic
1655 1286 1759 1328 enim,

1095 1339 1171 1360 cum
1189 1329 1434 1370 praepositione
1451 1340 1481 1369 a,
1509 1329 1543 1359 h.
1561 1329 1583 1360 l.
1609 1329 1758 1360 codices.

1095 1373 1263 1404 Usitatius
1291 1373 1463 1404 omittitur
1485 1382 1515 1402 α.
1557 1371 1644 1403 Inde
1660 1372 1759 1410 desec-

1095 1418 1146 1445 tus
1172 1414 1346 1462 (viribus),
1374 1414 1537 1451 fatigatus
1569 1414 1597 1445 C
1627 1414 1675 1453 iii,
1706 1417 1759 1445 40.

1095 1467 1144 1488 res
1159 1458 1263 1500 deficit
1277 1457 1370 1488 alicui
1384 1457 1435 1488 G
1428 1457 1476 1496 iii,
1487 1460 1518 1487 5.
1545 1456 1648 1497 deficit
1659 1457 1760 1496 ruanis,

1097 1510 1171 1540 quae
1210 1501 1310 1530 limas
1341 1499 1425 1541 egit,
1460 1503 1499 1530 ut
1529 1499 1671 1540 provehi
1702 1508 1760 1530 ne-

1098 1548 1201 1582 queat
1218 1542 1248 1573 A
1267 1544 1319 1572 13.

1055 1584 1212 1625 Definire,
1239 1584 1347 1625 dcfinit
1370 1586 1479 1623 locum,
1504 1583 1560 1625 qui
1583 1593 1660 1615 eum
1677 1583 1761 1615 facit

1097 1628 1293 1665 terminum,
1313 1628 1401 1658 ultra
1424 1636 1525 1666 quem
1549 1636 1616 1658 non
1642 1635 1761 1668 procc-

1097 1669 1200 1700 datui·
1215 1670 1246 1700 G
1264 1669 1320 1708 vii,
1335 1673 1389 1699 81.
1415 1669 1448 1699 Η
1467 1671 1520 1699 30.

1055 1711 1241 1748 Deformuta
1255 1711 1329 1741 urbs
1344 1711 1495 1742 incendiis
1511 1710 1542 1742 A
1558 1713 1611 1743 24.

1055 1753 1213 1794 Deiectus,
1229 1753 1397 1785 substant.
1415 1754 1446 1785 G
1465 1754 1502 1793 ii,
1521 1756 1554 1793 8,
1577 1756 1631 1785 22.

1058 1796 1220 1837 DeJectus,
1246 1797 1307 1837 qui-
1330 1806 1437 1828 caesus
1466 1796 1649 1837 procubuit
1672 1796 1704 1828 G
1726 1797 1762 1837 ii,

1100 1881 1128 1913 C
1146 1882 1166 1921 i,
1180 1884 1234 1913 46.
1271 1881 1407 1922 dejectus
1420 1891 1474 1922 spe
1490 1881 1522 1913 G
1538 1881 1560 1921 i,
1573 1883 1604 1911 8.
1628 1880 1764 1920 deiectus

1099 1924 1241 1964 opinione
1256 1924 1288 1956 G
1306 1934 1339 1964 v,
1351 1927 1405 1956 48.
1428 1924 1561 1962 dejectus
1575 1923 1765 1964 locus‚infe-

1099 1967 1179 2005 rior,
1194 1966 1237 1997 ad
1252 1967 1384 1998 radices
1409 1966 1503 1998 collis
1528 1967 1556 1997 C
1571 1965 1593 2005 i,
1609 1969 1662 1997 46.
1707 1967 1763 1998 Sic

1100 2013 1136 2039 et
1150 2010 1299 2040 deductus
1314 2013 1349 2040 et
1364 2009 1512 2040 demissus
1527 2008 1665 2039 dicitur.

1057 2051 1162 2089 Dejici
1177 2051 1304 2083 dicitur
1320 2052 1425 2091 navis,
1436 2061 1510 2092 quae
1525 2050 1683 2082 deorsum
1697 2050 1765 2082 fer-

1100 2098 1156 2124 tur
1172 2094 1203 2124 G
1222 2094 1267 2133 iv,
1284 2097 1337 2125 28.
1355 2093 1400 2125 cf.
1418 2094 1464 2132 iv,
1481 2096 1533 2124 36.
1579 2092 1665 2131 *infra
1678 2095 1763 2125 dela-

1100 2140 1142 2167 tae
1170 2141 1242 2168 sunt
1270 2147 1371 2168 naves.
1415 2136 1546 2175 dejicere
1571 2136 1765 2177 praesidiusn,

1102 2179 1231 2219 pellere
1256 2180 1282 2211 C
1307 2180 1355 2219 iii,
1381 2182 1435 2210 23.
1473 2178 1603 2218 dejicere
1631 2179 1766 2220 aliquem

1100 2221 1220 2263 (equo)
1236 2222 1267 2253 G
1285 2225 1318 2262 4,
1336 2225 1388 2253 12.
1422 2254 1424 2257 ,

1058 2264 1215 2304 Delegare
1227 2263 1413 2306 (tribuere)
1424 2263 1520 2295 alicui
1534 2274 1669 2304 causam,
1685 2273 1764 2296 con·

1094 2307 1208 2347 jicere
1238 2308 1374 2348 culpam
1399 2308 1432 2338 in
1456 2316 1533 2338 eum
1556 2307 1588 2338 G
1615 2307 1685 2348 viii,
1709 2309 1763 2338 22.

1102 2350 1175 2380 Liv.
1205 2350 1253 2389 ix,
1280 2353 1334 2390 29,
1380 2351 1522 2389 delegare
1558 2348 1765 2380 ministerium

1102 2392 1210 2431 alicui,
1240 2392 1282 2423 ab
1311 2403 1348 2424 se
1376 2392 1520 2432 amoliri,
1548 2392 1640 2424 etin
1663 2391 1764 2423 alium

1105 2434 1303 2466 transferre.

1061 2477 1503 2518 Delibratus,dec01ticatus
1519 2478 1551 2509 G
1568 2476 1625 2513 vii,
1639 2477 1693 2506 73.

1062 2520 1214 2559 Deligure
1230 2520 1405 2562 (alligare)
1427 2522 1468 2552 ad
1482 2521 1584 2561 ripam
1612 2499 1643 2550 G
1662 2517 1686 2557 i,
1709 2520 1764 2548 53.

1105 2565 1244 2603 deligare
1259 2564 1379 2595 saucios
1394 2562 1450 2594 Af.
1467 2566 1519 2594 21.

1062 2606 1249 2646 Demigrare
1264 2608 1301 2638 de
1316 2606 1436 2647 oppidis
1451 2605 1483 2637 G
1499 2604 1545 2642 ἰν,
1561 2605 1612 2634 19.

1062 2649 1251 2680 Demiuuere
1266 2651 1303 2679 de
1318 2650 1472 2688 voluptate
1487 2646 1542 2677 G·
1536 2656 1558 2686 1,
1574 2647 1628 2675 53.

1062 2692 1244 2723 Deminulio
1258 2692 1372 2731 capitis
1386 2690 1436 2721 C
1429 2690 1463 2727 ii,
1480 2690 1534 2719 32.

1063 2734 1324 2771 Demissuslocus,
1336 2731 1517 2764 humilisG
1532 2730 1588 2768 vii,
1602 2732 1654 2760 72.
1674 2728 1762 2769 ciii,
