1872 3104
281 195 375 238 lxiv

324 303 419 332 tecta
432 309 451 332 e
466 298 603 339 tabulis,
618 298 729 339 στέγη,
751 303 790 331 ut
814 300 982 340 metaphr.

323 344 439 376 Graec.
451 343 632 384 expressit.
651 343 859 383 Intelligitur
869 343 983 383 etiam,

324 395 429 428 quare
444 386 476 417 G
495 386 551 425 vii,
563 389 616 417 72.
654 386 761 426 plutei
776 386 908 425 aggeris
925 396 982 426 ap-

323 429 494 470 pellentur
519 429 625 459 loricn
640 429 729 468 ejus:
773 430 878 460 lorica
894 430 982 460 enini

324 476 389 510 est,
406 470 566 511 quicquid
583 480 652 500 reni
667 472 837 512 praesepit.
853 473 879 502 C
894 472 915 511 i,
930 475 982 503 25.

322 523 408 553 opus
427 512 620 552 protegitur
635 513 772 544 cratibus
786 517 815 545 et
829 515 953 555 plutei&

279 555 475 587 pollicitatio
492 554 523 585 G
542 555 591 593 iii,
605 558 657 586 18.

279 599 412 637 Ponere,
428 605 614 636 exponere,
630 596 798 628 narrando
813 598 856 629 ob
871 599 983 630 oculos

321 648 450 681 ponere
467 640 494 671 C
512 639 560 678 iii,
574 642 627 671 79.
670 649 784 680 ponere
808 642 902 672 alicui
916 652 984 673 cus-

320 683 418 722 codes,
436 682 660 719 constituere,
676 682 733 723 qui
756 692 832 714 eum
844 683 985 725 diligen-

320 728 376 757 ter
391 725 576 756 observent
591 724 623 756 G
641 725 664 763 i,
681 727 734 756 20.

278 768 365 801 Pons
382 767 626 808 inter-rumpitur
651 767 683 798 G
703 767 761 806 vii,
782 769 836 800 19.
889 768 985 799 inter-

319 810 476 842 scinditur
493 810 525 842 G
551 810 587 851 ii,
612 812 643 843 9.
683 813 730 841 est
749 810 783 842 in
797 810 932 852 flumine
953 811 984 843 G

322 853 358 893 ii,
373 856 405 884 5.

278 896 383 928 Ponto
396 896 424 928 C
442 895 487 936 iii,
502 898 558 927 29.

279 939 475 979 Porrectum,
491 937 583 980 qnod
611 937 647 969 in
670 937 915 979 longitudinem
930 948 985 970 ex·

322 985 456 1013 tensum
472 986 538 1021 est,
554 991 580 1012 s.
598 982 770 1021 procurrit
786 981 818 1013 G
836 982 870 1021 ii,
888 983 940 1012 19.

278 1024 428 1055 Porticus
446 1024 479 1055 in
506 1033 542 1054 re
559 1024 697 1054 militari
728 1029 808 1055 sunt
831 1024 939 1055 viueae
956 1024 984 1056 C

318 1066 356 1105 ii,
384 1069 418 1097 2.
472 1066 521 1097 Ut
551 1066 639 1096 enim
671 1067 824 1106 porticus
849 1070 984 1098 constat

320 1107 498 1147 columnis,
528 1112 623 1139 tecto
651 1109 812 1149 imposito
830 1108 982 1149 junctis:

317 1150 368 1182 sic
394 1151 497 1182 vinea
525 1155 661 1182 constat
693 1151 859 1190 trabibus,
889 1155 984 1183 tecto

319 1192 479 1235 imposito
491 1193 635 1234 junctis.
657 1193 779 1233 galerie
792 1197 933 1225 converte
947 1195 985 1226 de

316 1245 442 1276 gros-see
479 1239 604 1277 pontres
650 1236 842 1268 Guischard
877 1236 983 1269 Mem.

321 1279 421 1311 milit.
444 1280 524 1310 Vol.
541 1279 575 1311 ii.
591 1289 624 1320 p.
641 1281 697 1311 21.

277 1321 471 1361 Portorium,
498 1322 662 1363 vectigal,
696 1321 787 1363 quod
820 1321 854 1352 in
882 1326 985 1362 portu

319 1363 485 1396 solvitur:
523 1368 594 1395 tum
620 1365 768 1405 omnino,
796 1363 888 1406 quod
923 1374 984 1406 pro

319 1406 492 1438 mercibus
508 1407 701 1447 importatis
724 1411 784 1439 aut
807 1416 871 1448 pro
888 1407 987 1439 venia

320 1448 521 1481 transeundi
537 1449 683 1491 aliquam
699 1450 871 1492 regionem
887 1450 986 1485 solvi-

321 1495 379 1522 tur
395 1491 428 1523 G
445 1492 468 1529 i,
487 1494 537 1524 18.
561 1492 610 1531 iii,
624 1496 656 1524 1.

279 1533 408 1565 Portus.
452 1533 503 1565 Cf.
518 1544 638 1575 cupere.

277 1576 408 1608 Positus
417 1576 534 1617 (situs)
550 1578 655 1616 oppidi
672 1575 702 1607 Α
719 1579 774 1607 72.

278 1619 355 1650 Post
365 1620 504 1659 paulum,
520 1619 621 1659 paulo
637 1623 714 1659 post
732 1620 761 1650 G
781 1619 838 1658 vii,
856 1623 909 1651 50.

279 1662 466 1701 Foster-itas,
482 1661 571 1692 fania
581 1661 669 1702 apud
684 1668 839 1701 posteros
856 1663 883 1693 C
897 1663 919 1701 i,
934 1664 986 1693 13.

278 1703 444 1735 Postulare
459 1704 500 1734 de
517 1713 569 1743 eu,
584 1703 640 1744 qui
663 1704 808 1734 alterum
827 1705 986 1746 implorat

323 1746 355 1778 G
368 1746 392 1786 i,
408 1748 463 1777 31.

279 1789 471 1820 potentatus
486 1787 518 1819 G
537 1787 560 1827 i,
579 1790 632 1819 31.

279 1832 475 1863 Potestatem
495 1830 543 1861 sui
565 1830 675 1868 facere
699 1830 848 1870 hostibus,
863 1829 986 1862 offerre

321 1883 360 1905 se
375 1874 428 1913 iis,
445 1883 511 1904 non
528 1872 723 1904 detrectare
748 1875 904 1914 praelinm
921 1874 987 1915 Gi,

321 1918 377 1955 40,
389 1920 441 1947 50.
459 1915 505 1947 cf.
524 1915 547 1953 i,
563 1919 616 1946 48.
637 1927 693 1956 pro
704 1917 985 1948 castris—deesset.

279 1958 387 2032 Ροὲῗ
413 1958 532 1999 aliquid
558 1957 617 1990 Af.
639 1961 691 1989 36.
734 1959 833 1999 potiri
855 1960 988 1997 alicuius

282 2043 465 2075 Proeacutus
478 2043 510 2074 G
528 2043 564 2083 ii,
580 2045 633 2074 29.

280 2087 476 2126 Proecavere,
490 2096 529 2117 ne
544 2085 689 2127 quidfiat
706 2085 734 2117 G
753 2085 775 2125 i,
790 2088 843 2117 38.

280 2130 446 2169 Praecepta
476 2129 595 2168 Ducis,
618 2128 699 2169 quid
717 2127 912 2160 faciendum
929 2128 986 2167 sit,

322 2171 488 2202 militibus
511 2171 750 2212 praescribunt,
766 2172 816 2202 die
835 2172 938 2202 Ordre
953 2173 985 2203 G

323 2213 370 2254 vi,
384 2216 438 2244 36.
462 2213 535 2253 viii,
548 2216 601 2244 28.
648 2212 695 2244 ef.
711 2214 742 2245 G
761 2214 784 2252 i,
797 2216 850 2244 22.
864 2217 898 2244 ut
917 2214 986 2245 Tri-

322 2255 402 2287 buno
418 2267 437 2287 α
455 2257 578 2287 Coesare
593 2260 782 2297 pra-ceptum
797 2259 877 2288 erat.
922 2257 987 2288 Sed

323 2299 426 2330 aliter
446 2302 602 2340 praecepta
626 2300 795 2330 amicorum
818 2302 847 2330 et
859 2300 987 2340 propin-

322 2351 452 2383 quorum
477 2341 505 2373 C
528 2342 563 2381 ii,
585 2344 619 2382 6,
644 2345 675 2374 7.
699 2342 756 2373 ubi
773 2347 852 2373 sunt
867 2342 988 2374 adhor-

323 2384 475 2416 tantium
492 2393 606 2415 voces.

282 2427 460 2468 Praect‘pere
482 2427 657 2467 pecuniam,
675 2430 753 2458 ante
771 2426 860 2458 diem
877 2426 987 2467 praefi-

324 2470 430 2501 nitam
447 2469 617 2510 accipere,
635 2473 693 2501 aut
718 2469 800 2500 solvi
819 2469 943 2511 jubere
960 2470 988 2501 C

324 2512 372 2552 iii,
397 2515 451 2543 31.
502 2513 670 2553 praecipere
708 2512 866 2552 loetieiam,
909 2517 987 2543 ante

325 2555 454 2586 sentire
469 2554 501 2586 G
519 2555 589 2594 viii,
601 2559 654 2587 51.

283 2597 504 2638 Proecipitare,
531 2598 636 2638 hyems
670 2597 880 2637 proecipiturit
911 2596 990 2639 (se‚)

326 2639 399 2671 fere
415 2645 488 2671 tota
504 2641 641 2671 transiit
658 2642 685 2670 (ζ
699 2641 747 2679 iii,
763 2644 817 2672 25.

284 2681 475 2722 Praedicare,
501 2692 639 2714 narrare
664 2683 696 2714 G
714 2683 760 2722 iv,
776 2685 829 2715 34.
856 2683 883 2714 C
899 2683 921 2724 i,
935 2685 987 2715 32.

328 2723 457 2763 dicere,
474 2735 671 2756 asseverare
689 2725 717 2756 C
733 2725 782 2764 iii,
799 2728 872 2757 106.

288 2764 471 2797 Praeducere
486 2777 607 2798 murum
624 2768 654 2799 G
681 2768 737 2806 vii,
750 2771 802 2799 46.
847 2772 884 2799 ut
902 2777 988 2807 pra?-

930 206 1088 237 lNDEx

1079 297 1235 339 tendere,
1250 304 1453 341 praetexere.

1036 342 1188 383 Praeesse,
1202 351 1235 374 v.
1253 343 1295 374 ad
1311 343 1343 375 G
1361 344 1430 382 viii,
1445 344 1499 374 24.
1512 341 1559 374 cf.
1576 341 1604 375 C
1620 342 1667 383 iii,
1683 345 1736 381 n,

1077 387 1130 417 28.
1174 383 1230 416 Af.
1246 387 1299 417 33.
1337 386 1486 418 Ponitur
1501 394 1582 426 ergo
1595 395 1738 426 praeeue,

1077 428 1202 459 omisso
1217 427 1347 469 dativo,
1357 438 1423 470 quo
1437 428 1607 460 indicetur
1620 428 1667 469 id,
1683 431 1737 461 cui

1080 470 1154 511 quis
1171 471 1299 510 praesit.

1035 512 1186 551 Proefecti
1208 513 1357 553 equitum,
1386 513 1442 554 qni
1471 522 1564 554 saepe
1593 523 1738 545 comme-

1078 559 1266 595 morantur,
1291 559 1329 586 ut
1345 555 1375 586 G
1393 555 1445 595 iii,
1465 558 1519 587 26.
1543 557 1589 596 ἰν,
1606 560 1657 588 11.
1682 557 1740 594 vii,

1077 601 1130 630 66.
1175 598 1334 630 videntur
1358 598 1462 629 etiam
1487 598 1689 639 quibusdam
1705 600 1740 630 in

1078 641 1160 672 locis
1191 640 1418 682 intelligendi,
1451 640 1509 671 ubi
1539 642 1740 682 simpliciter

1079 682 1232 721 Praesech'
1260 684 1430 723 dicuntur,
1456 688 1494 715 ut
1518 683 1551 714 G
1577 683 1602 723 i,
1617 686 1671 716 39.
1694 684 1743 723 ἰίἰ,

1077 729 1109 758 7.
1132 727 1284 758 Fuerunt
1295 732 1410 758 autem
1426 726 1567 767 Legatis
1582 726 1742 758 attributi

1079 768 1111 799 G
1128 769 1198 808 viii,
1212 771 1266 800 48.
1282 769 1315 801 h.
1329 779 1358 801 e.
1375 779 1452 800 cum
1481 769 1521 800 iis
1546 769 1637 801 mitti
1664 777 1743 800 con-

1079 815 1278 850 sueverunt,
1290 816 1329 842 ut
1342 812 1390 842 illi
1402 811 1587 852 peditibus,
1600 811 1633 843 hi
1649 811 1742 854 equi-

1081 851 1173 884 tibus
1189 857 1388 893 praeessent.
1420 853 1488 884 Sed
1505 853 1536 884 G
1555 854 1663 892 ἰν,22.
1687 864 1743 886 cu·

1081 904 1152 926 ram
1168 895 1306 927 navium
1322 895 1449 926 liabent
1462 905 1538 926 cum
1552 896 1690 936 Legatis
1707 902 1743 928 et

1080 938 1273 970 Quaestore.
1311 936 1403 969 Add.
1422 937 1479 969 Af.
1497 940 1527 969 3.
1560 937 1613 969 Cf.
1626 937 1741 970 Faber.

1037 979 1247 1019 Proesecturu,
1275 989 1396 1011 munus
1423 980 1586 1012 Praefecti
1609 981 1643 1013 G
1669 981 1742 1021 viii,

1079 1026 1133 1055 12.
1178 1022 1294 1055 Aliter
1309 1023 1349 1055 C.
1366 1023 1389 1063 i,
1406 1025 1469 1055 15:
1494 1032 1570 1054 uam
1586 1023 1621 1056 h.
1636 1024 1659 1056 1.
1689 1029 1743 1056 est

1078 1064 1241 1115 oppidum
1258 1066 1382 1106 Italiae,
1396 1075 1416 1097 a
1430 1066 1569 1097 coloniis
1585 1071 1621 1098 et
1634 1067 1742 1097 mnni-

1078 1108 1178 1149 cipiis
1195 1108 1377 1149 diversum,
1401 1109 1492 1150 quod
1509 1118 1576 1140 non
1592 1109 1741 1141 habebat

1078 1159 1176 1182 suum
1218 1152 1469 1191 magistratum,
1499 1151 1558 1182 sed
1586 1151 1619 1183 in
1651 1151 1742 1192 quod

1078 1193 1261 1266 2uotannis
1275 1195 1383 1226 Roma
1404 1194 1630 1225 mittebantur
1648 1194 1743 1226 Proe-

1095 1236 1166 1267 ecti
1184 1236 1274 1276 juris
1289 1236 1426 1268 dicundi
1449 1245 1562 1268 causa.
1578 1237 1648 1269 vid.
1666 1238 1744 1269 Fes-

1080 1281 1135 1309 tus
1152 1279 1187 1310 in
1203 1279 1236 1309 h.
1254 1288 1286 1310 v.

1036 1320 1197 1359 Proesene
1210 1330 1243 1352 se
1267 1320 1372 1360 alicui,
1387 1320 1608 1362 praestantius
1624 1326 1660 1353 et
1675 1319 1743 1353 for-

1081 1363 1148 1395 tius
1165 1372 1200 1394 se
1215 1372 1335 1404 gerere
1351 1364 1383 1396 G
1397 1363 1433 1404 ii,
1445 1366 1500 1396 27.

1038 1406 1264 1445 Proejudicium
1281 1406 1309 1438 C
1326 1406 1362 1445 ii,
1375 1408 1428 1438 32.

1039 1449 1249 1480 Proemetuere
1265 1449 1298 1481 G
1315 1448 1374 1489 vii,
1389 1451 1444 1480 49.

1037 1492 1261 1532 Proeoccupure
1284 1491 1317 1523 G
1343 1491 1389 1531 vi,
1411 1493 1466 1522 41.
1489 1490 1616 1531 viimo.
1663 1490 1692 1522 C
1707 1490 1743 1531 ii,

1083 1536 1135 1574 1⁷,
1152 1536 1206 1573 34,
1220 1536 1275 1566 42.
1299 1533 1330 1564 A
1346 1533 1391 1572 iv,
1404 1535 1457 1564 63.

1038 1577 1233 1616 Proeopture,
1248 1576 1349 1607 malle
1365 1576 1397 1607 G
1412 1576 1436 1616 i,
1450 1577 1506 1607 2⁵.

1039 1619 1231 1659 Praepilatus
1245 1617 1300 1649 Af.
1318 1621 1372 1649 72.

1040 1661 1210 1701 Proerupta
1224 1661 1295 1700 ripa
1311 1660 1343 1691 G
1360 1659 1406 1700 vi,
1421 1662 1454 1691 7.

1039 1703 1242 1742 Praescriptio
1251 1703 1377 1734 honesta
1384 1726 1394 1742 ,
1403 1701 1582 1734 excusatio
1590 1701 1744 1743 honesta,

1082 1754 1204 1776 nomen
1225 1746 1415 1784 honestum,
1433 1745 1522 1786 quod
1540 1746 1744 1786 praetexitur

1081 1788 1288 1828 turpitudini
1304 1788 1332 1819 C
1348 1788 1395 1828 iii,
1412 1790 1465 1820 32.
1495 1788 1608 1830 Vulgo
1623 1788 1744 1820 dicunt

1082 1830 1219 1861 titulum
1234 1831 1427 1861 honestum.

1039 1873 1207 1913 Proesidia,
1221 1873 1396 1905 exercitus
1410 1873 1444 1905 H
1459 1875 1513 1905 27.
1541 1873 1649 1913 copiae
1665 1882 1745 1904 aux-

1082 1916 1196 1947 iliares
1212 1915 1243 1947 A
1259 1919 1313 1948 25.
1347 1917 1422 1957 ipsa
1436 1915 1526 1947 acies
1544 1915 1577 1946 H
1595 1917 1648 1947 30.
1672 1925 1744 1947 cas-

1082 1962 1139 1990 tra
1165 1957 1224 1989 Af.
1250 1962 1302 1998 17,
1326 1961 1379 1990 18.
1402 1959 1437 1990 H
1467 1960 1508 1989 23
1535 1957 1594 1989 fin.
1650 1958 1742 1990 Hinc

1080 2001 1115 2031 in
1137 2001 1296 2040 praesidiis
1318 2000 1470 2042 (castris,
1488 1999 1662 2041 exercitu)
1687 2001 1745 2031 ali-

1080 2042 1169 2081 cujus
1191 2052 1256 2074 esse
1283 2043 1315 2075 A
1340 2046 1394 2083 23,
1422 2045 1475 2074 33.
1535 2043 1660 2082 Locus,
1687 2043 1745 2074 ubi

1082 2085 1279 2126 praesidium
1306 2086 1494 2117 collocatur
1511 2084 1543 2117 G
1560 2085 1604 2126 vi,
1618 2087 1674 2125 33,
1690 2088 1743 2117 34.

1083 2129 1110 2160 C
1126 2128 1173 2168 iii,
1186 2131 1306 2168 4⁵,49.
1349 2128 1496 2169 proesidio
1517 2128 1690 2168 literamm,
1707 2128 1745 2159 li-

1083 2171 1164 2202 teris
1181 2180 1208 2202 s.
1226 2171 1406 2212 scriptura,
1419 2180 1493 2213 quae
1506 2171 1680 2202 mentoriae
1693 2174 1745 2202 est

1081 2213 1292 2254 adjumento,
1303 2223 1344 2244 ne
1356 2213 1469 2245 omnia
1481 2212 1662 2244 ediscenda
1675 2212 1744 2244 sint

1082 2257 1115 2288 G
1133 2256 1179 2295 vi,
1197 2258 1249 2287 14.
1290 2256 1472 2296 praesidium
1487 2255 1548 2287 sibi
1561 2265 1670 2296 capere
1685 2255 1742 2294 su-

1079 2309 1134 2338 ga,
1149 2297 1232 2340 fuga
1248 2299 1391 2330 salutem
1405 2303 1524 2339 petere
1541 2299 1575 2329 H
1591 2301 1644 2330 38.
1666 2299 1743 2330 ami-

1082 2342 1160 2373 citia
1169 2342 1315 2383 proesidio
1330 2342 1408 2372 mihi
1429 2345 1487 2382 est,
1502 2340 1591 2372 bona
1612 2345 1648 2372 et
1664 2341 1742 2381 jura

1082 2393 1158 2416 mea
1178 2385 1259 2416 mihi
1275 2388 1458 2416 conservat
1474 2388 1578 2425 atque
1592 2387 1693 2424 auget
1708 2383 1740 2414 G

1083 2427 1120 2501 if,1
1120 2429 1173 2459 44.
1213 2426 1395 2468 proesidium
1416 2425 1591 2470 (succurs)
1617 2426 1742 2457 mittere

1041 2513 1254 2544 Praestatums
1270 2511 1304 2544 H
1322 2515 1374 2544 19.

1040 2555 1226 2586 Proestolari
1242 2560 1430 2596 expectare
1446 2554 1473 2586 C
1490 2553 1526 2593 ii,
1541 2555 1595 2585 23.

1040 2599 1244 2637 Praetextati,
1255 2598 1363 2638 pueri,
1375 2597 1430 2639 qui
1447 2595 1593 2627 nondum
1610 2593 1739 2625 virilem

1082 2646 1198 2681 togam
1216 2645 1406 2671 sumserunt
1422 2638 1453 2669 Α
1469 2641 1522 2669 58.

1041 2685 1167 2716 Proetor
1181 2683 1348 2714 Thessaliae
1364 2682 1391 2713 C
1407 2680 1456 2719 iii,
1472 2683 1526 2710 80.

1039 2727 1240 2764 Pretorium,
1258 2734 1336 2765 pars
1359 2727 1559 2760 castrorum,
1575 2721 1630 2751 ubi
1644 2721 1739 2752 ducis

1081 2767 1201 2799 summi
1216 2766 1400 2798 tentorium
1418 2769 1470 2795 est
1499 2766 1526 2795 C
1552 2765 1574 2803 i,
1593 2767 1644 2796 76.
1687 2764 1738 2805 ip-
