1872 3104
563 202 623 229 nu
657 201 698 230 c.
731 199 877 229 sumo
911 198 1130 228 υιΕεΑιιις.
1477 192 1590 234 2031

133 296 219 334 item
242 296 278 333 iu
292 295 428 334 codice
448 293 672 336 Petaviano,
692 291 758 329 sed
781 290 933 328 nomine
953 290 1173 329 Petrarchae
1191 293 1373 342 ascripto.
1414 296 1591 335 Meminit

133 358 305 408 ejusdem
325 356 578 396 Casaubonus
608 355 707 392 notis
738 354 774 391 in
794 354 1010 404 Tranquill.
1042 366 1070 391 1.
1095 353 1156 394 56.
1193 356 1259 393 ubi
1288 357 1359 394 ista
1388 357 1589 398 invenias:

135 425 238 462 ‘Est
260 422 416 472 antiqua
452 420 527 458 loci
566 420 681 470 hujus
709 419 949 470 depravatio.
1006 419 1230 470 Reperimus
1264 421 1364 458 enim
1396 421 1587 472 vulgatam

132 486 351 532 lectionem,
371 497 447 523 non
469 485 593 522 solum
615 486 650 521 in
672 483 789 521 codd.
811 483 984 522 Suetonii
1007 484 1145 521 nostris
1174 484 1365 530 omnibus,
1387 486 1454 524 sed
1474 487 1590 525 etiam

132 551 168 588 iu
194 549 409 599 fragmento
437 548 607 599 quodam
647 561 769 586 rernm
801 548 893 586 Julii
922 548 1099 593 Caesaris,
1135 549 1236 599 quod
1272 562 1318 586 ex
1348 550 1463 588 veteri
1491 551 1590 589 libro

131 613 381 662 descriptum,
419 612 610 650 beneficio
650 612 715 650 viri
760 611 1009 650 eruditissimi
1051 613 1189 651 Jacobi
1240 614 1448 664 Bongarsii,
1487 616 1589 654 nacti

129 689 271 717 simus.
328 677 558 714 Continetur
577 676 620 714 iis
649 676 804 714 schedis
840 676 930 713 belli
959 677 1224 727 Hispaniensis
1247 677 1403 716 historia
1433 692 1454 716 a
1475 679 1591 718 fratre

129 740 300 791 quodam
319 741 518 779 cucullato
547 755 594 779 ex
628 741 828 786 Suetonio,
851 741 992 787 Hirtio,
1013 741 1178 792 aliisque
1208 742 1456 788 concinnata,
1478 744 1590 793 plane

128 813 351 857 poraxucffis,
373 805 444 844 etsi
465 819 541 843 non
572 806 751 844 monachi
771 819 925 856 prorsus
953 806 1068 844 stilo.'
1124 807 1213 844 Non
1235 807 1423 856 patiemur
1443 808 1589 846 diutins

130 869 273 907 haerere
290 870 387 908 viros
404 869 541 908 doctos
562 871 601 907 in
621 883 659 908 re
680 870 857 908 levicula.
897 871 966 908 Est
979 870 1233 919 fragmentum
1253 870 1347 907 illud
1369 870 1588 910 desumtum

128 946 174 971 ex
213 934 303 972 Julii
338 935 441 972 Celsi
479 935 765 972 commentariis
803 934 852 971 de
888 934 964 971 vita
996 934 1087 971 Julii
1128 934 1290 971 Caesaris
1337 934 1450 972 editis
1489 949 1589 974 anno

131 1007 451 1036 Mccchxxlxi.
510 1000 578 1036 Est
598 1012 687 1036 vero
708 999 768 1036 hic
789 998 924 1036 Celsus
944 997 1059 1043 idem,
1079 998 1147 1048 qui
1167 999 1359 1037 Caesarem
1376 1000 1591 1039 recensuit:

130 1062 233 1100 unde
275 1062 405 1099 multis
442 1063 603 1100 Caesaris
643 1062 759 1100 codd.
793 1063 902 1100 mstis
937 1062 1189 1111 subjunctum
1227 1063 1384 1113 legitur:
1433 1069 1443 1085 ‘
1467 1064 1593 1103 Julius

129 1125 264 1164 Celsus
285 1126 351 1163 Vir
372 1126 612 1164 Clarissimus
629 1133 668 1164 et
684 1127 822 1165 Comes
844 1127 1016 1165 recensui
1035 1128 1056 1170 ;'
1085 1127 1144 1164 vel
1165 1127 1240 1165 hoc
1262 1135 1398 1177 pacto:
1436 1134 1445 1148 ‘
1467 1129 1591 1166 Julius

129 1189 264 1228 Celsus
299 1191 574 1228 Constantinus
607 1192 654 1229 V.
677 1191 724 1229 C.
763 1191 866 1241 legi!
904 1191 1063 1241 Aliquid
1084 1192 1198 1228 etiarn
1228 1191 1277 1228 de
1299 1192 1372 1229 hoc
1403 1192 1591 1243 scriptore

127 1253 294 1292 diximus
316 1255 485 1292 Institut.
504 1256 615 1293 Orat.
638 1265 680 1291 v.
701 1261 740 1294 3.
784 1255 887 1292 Inter
908 1255 1111 1292 historicos
1133 1255 1309 1300 refertur,
1332 1262 1370 1292 et
1390 1255 1592 1305 diligenter

129 1318 178 1356 de
199 1319 289 1357 Julii
320 1320 483 1357 Caesaris
504 1320 619 1370 gestis
653 1319 853 1370 scripsisse
872 1319 985 1356 etiam
1017 1319 1161 1357 dicitur
1181 1333 1202 1357 a
1231 1319 1419 1357 Gualtero
1442 1320 1593 1358 Burlaeo

129 1383 307 1432 Anglico,
325 1384 542 1422 Petrarchae
555 1384 715 1434 aequali;
746 1390 786 1421 ut
799 1384 958 1421 omnino
974 1383 1082 1421 valde
1098 1389 1239 1429 errent,
1258 1384 1322 1433 qui
1336 1383 1590 1434 fragmentum

128 1453 218 1485 ante
236 1453 488 1485 memoratum
506 1448 627 1497 ipsius
647 1448 865 1487 Petrarchae
884 1462 967 1486 esse
987 1449 1135 1486 volunt.
1195 1451 1296 1486 Sane
1327 1462 1372 1485 ex
1395 1449 1472 1486 istis
1493 1449 1591 1486 Celsi

127 1510 248 1556 libris,
279 1524 442 1562 quorum
475 1524 496 1549 a
516 1511 665 1549 nemine
692 1519 779 1550 ante
801 1525 870 1550 nos
893 1513 1125 1549 mentionem
1152 1511 1296 1549 factam
1319 1512 1449 1557 miror,
1472 1512 1592 1550 multa

126 1576 164 1613 in
185 1577 335 1615 Caesare
354 1575 513 1613 feliciter
531 1582 695 1626 possunt
713 1576 873 1621 restitui,
897 1575 1003 1625 quod
1025 1574 1252 1625 aliquando,
1275 1574 1341 1613 σύν
1361 1578 1445 1627 θεῷ,
1468 1583 1593 1613 osten-

127 1639 277 1677 demus.
306 1641 483 1678 Ceterum
499 1639 678 1684 Oxoniae,
698 1640 732 1676 in
749 1639 923 1689 Collegio
940 1638 1290 1689 CorporisChristi,
1309 1639 1426 1676 habes
1440 1640 1592 1677 Mstum

129 1717 219 1742 oum
241 1703 314 1741 hac
333 1703 563 1754 epigraphe:
601 1709 610 1725 ‘
624 1704 669 1741 C.
690 1704 780 1742 Julii
795 1704 960 1742 Caesaris
975 1717 1041 1754 per
1061 1704 1206 1742 Julium
1226 1703 1382 1741 Celsum
1397 1716 1592 1741 commen-

130 1768 243 1807 tarii!
271 1769 410 1806 Utrum
423 1768 598 1813 Caesaris,
615 1781 662 1805 an
683 1768 785 1806 Celsi
807 1768 894 1812 sint,
913 1769 1046 1805 melius
1062 1767 1229 1805 dixerint
1250 1768 1316 1816 qni
1337 1767 1476 1804 videre.
1516 1768 1592 1804 Ex-

130 1839 252 1870 tremo
272 1832 368 1869 illud
390 1833 478 1869 loco
497 1832 797 1882 attexam,apud
820 1834 979 1871 Sextum
1002 1832 1199 1869 Aurelium
1216 1831 1413 1869 Victorem
1434 1831 1530 1868 libro
1544 1831 1593 1869 de

129 1897 285 1947 Origine
301 1897 423 1946 gentis
444 1898 641 1941 Romanae,
660 1897 902 1947 quorundam
927 1897 974 1934 ad
993 1898 1064 1934 hoc
1081 1902 1346 1946 argumentum
1368 1895 1594 1944 pertinenti-

130 1974 194 1999 um
207 1967 406 1998 auctorem
423 1961 571 1998 laudari
587 1962 799 2004 Caesarenu
821 1974 1000 2010 eumque,
1018 1973 1119 1997 nunc
1136 1960 1591 2005 &wRffisCaesaremfflunc

130 2025 176 2064 C.
195 2025 512 2070 Caesar-erumnae
531 2025 676 2062 Julium
699 2026 906 2070 Caesarem,
921 2037 1022 2062 nunc
1042 2024 1203 2062 Lucium
1221 2025 1427 2069 Caesarem,
1442 2037 1591 2077 nuncn-

130 2089 226 2138 pari.
265 2090 394 2137 Quare
414 2089 590 2134 dubium,
610 2096 734 2127 utrum
756 2102 828 2139 pro
846 2090 980 2133 Lucio,
998 2088 1127 2133 Caius,
1146 2101 1194 2125 an
1215 2100 1286 2137 pro
1307 2086 1416 2132 Caio,
1431 2087 1591 2133 Lucitas,

131 2151 270 2190 debeat
289 2153 434 2202 reponi.
492 2153 628 2190 Facilis
649 2165 738 2190 sane
759 2153 1010 2190 commutatio
1030 2152 1147 2190 literae
1168 2152 1212 2189 C.
1235 2158 1272 2188 et
1294 2151 1338 2187 L.
1361 2156 1475 2200 prout
1496 2163 1593 2201 pra:-

129 2215 283 2253 nomina
303 2215 364 2253 illa
382 2216 500 2253 solent
518 2215 674 2266 vulgari.
716 2217 813 2261 Nec,
832 2217 860 2254 si
878 2217 1021 2260 Lucius
1037 2217 1219 2266 signetur,
1235 2215 1492 2265 satisliqueat‚
1506 2215 1592 2265 quis

132 2280 314 2329 signetur.
354 2279 454 2317 Nam
471 2286 607 2329 praeter
629 2279 790 2316 Lucium
807 2273 1202 2330 CaesarenisAugusti
1216 2293 1260 2316 cx
1276 2279 1377 2317 Julia
1394 2286 1590 2329 nepotem,

130 2350 271 2393 praeter
290 2343 380 2380 item
400 2351 553 2381 atavum
576 2344 735 2381 Caesaris
755 2344 970 2390 dictatoris,
991 2344 1062 2382 fuit
1083 2351 1121 2381 et
1139 2344 1240 2380 atavi
1261 2344 1376 2393 liujus
1397 2356 1591 2393 pronepos

129 2419 176 2444 eo
206 2408 452 2456 praenomine,
475 2415 512 2445 et
534 2409 756 2458 pronepotis
782 2408 867 2457 ejus
896 2409 1011 2453 filins,
1035 2408 1099 2458 qui
1122 2407 1238 2444 frater
1258 2414 1339 2444 erat
1359 2408 1405 2443 C.
1428 2407 1590 2443 Caesuris

131 2471 328 2508 Strabonis
359 2472 547 2515 oratoris;
581 2480 617 2510 et
650 2473 825 2521 ejusdem
848 2487 982 2523 nepos,
1004 2474 1069 2523 qui
1098 2471 1312 2509 avunculus
1333 2477 1415 2508 erat
1435 2468 1593 2506 Antonii

129 2534 351 2580 Triumviri‚
372 2548 393 2572 a
408 2549 485 2585 quo
504 2536 745 2580 intereintus;
773 2545 810 2575 et
829 2538 999 2587 ejusdem
1023 2549 1227 2587 pronepos,
1245 2543 1415 2584 quaestor
1430 2532 1591 2570 Catonis

132 2599 322 2637 Uticensis
358 2600 395 2636 in
430 2600 574 2644 Africa,
615 2601 678 2649 qui
706 2601 797 2637 Julii
827 2601 987 2637 ems-aris
1019 2601 1133 2648 jussu
1171 2599 1321 2635 occisus
1358 2604 1429 2634 est.
1487 2595 1593 2633 Nihil

131 2663 267 2701 mirum
297 2671 439 2707 autem,
463 2665 491 2700 si
513 2664 569 2700 vel
590 2664 720 2707 Cuius,
741 2665 802 2700 vel
827 2664 970 2700 Lucius
989 2664 1132 2705 Caesar,
1154 2661 1385 2711 consignarit
1405 2659 1590 2710 originem

131 2727 253 2776 gentis
272 2729 461 2766 Romanae
479 2742 488 2772 ;
528 2726 684 2778 quaudo
702 2727 803 2765 Julia
823 2739 914 2777 gens
933 2734 1061 2765 ortum
1082 2738 1192 2762 suum
1211 2723 1350 2762 ducere
1371 2723 1519 2762 credita
1533 2730 1592 2762 est
