1872 3104
571 167 613 195 o.
645 165 684 194 J.
716 160 933 192 cAEsAms
970 160 1099 190 vri-A.
1442 151 1557 193 1985

96 268 246 316 μᾶλλον
266 262 530 310 ἐπανόρθωσιν,
551 257 576 312 ᾗ
595 257 780 310 χρώμενοι
809 258 922 306 μέχρι
954 262 1022 291 νῦν
1045 253 1226 304 Ῥωμαῖοι
1252 252 1424 291 δοκοῦσιν
1448 254 1558 300 ἦττον

97 331 230 379 ἑτέρων
251 327 484 379 σφάλλεσθαι
504 325 585 371 περὶ
606 325 671 367 τὴν
689 323 928 368 ἀνωμαλίαν.
982 318 1042 357 Oi!
1061 321 1135 368 μὴν
1154 319 1256 355 ἀλλὰ
1275 319 1334 355 καὶ
1360 321 1442 366 περὶ
1462 318 1558 356 τοῖς9

98 394 348 442 βασκαίνουσι
368 390 426 425 καὶ
443 386 714 437 βαρυνομένοις
743 387 811 430 τὴν
843 385 1004 435 δύναμιν
1023 386 1144 422 αἰτίας
1162 388 1335 434 παρεῖχε.
1394 383 1558 430 Κικέρων

98 460 170 507 γὰρ
189 457 208 492 ὁ
227 456 355 505 ῥήτωρ,
377 456 422 490 ὡς
443 454 549 497 ἔοικε,
569 456 751 503 φήσαντος
770 449 867 488 τινὸς
896 450 1022 498 αὔριον
1042 448 1254 485 ἐπιτέλλειν
1273 446 1422 497 Λύραν*
1468 445 1558 490 Ναὶ,

98 519 215 564 εἶπεν,
251 520 289 556 ἐκ
308 517 574 568 διατάγματος·
624 518 669 552 ὡς
706 516 765 551 καὶ
798 519 903 552 τοῦτο
928 513 1013 564 πρὸς
1043 514 1214 561 ἀνάγκην
1250 518 1323 551 τῶν
1359 511 1562 561 ἀνθρώπων

100 583 216 635 δεχομ
221 586 291 620 ένω
297 598 329 620 ν.

672 781 826 823 CAP.
883 779 989 821 LX.

100 883 228 916 Odium
244 883 374 915 Caesari
390 882 480 923 parit
497 881 581 922 regii
598 881 740 912 nominis
757 879 895 920 cupido,
911 877 1062 920 quamvis
1088 877 1122 908 id
1139 875 1276 917 publice
1304 875 1504 917 declinaret,
1528 880 1565 908 et

142 937 233 979 quod
256 942 411 968 senatum
438 934 636 968 conterntim
656 938 822 964 tractasse
849 931 1050 969 videbatur3
1075 940 1143 972 qua
1173 939 1210 961 re
1238 939 1371 961 omnem
1401 930 1564 971 populum

142 989 298 1022 offendit.

152 1075 208 1113 Τὸ
228 1073 257 1112 δ’
276 1075 435 1126 ἐμφανὲς
453 1074 618 1124 μάλιστα
640 1078 747 1123 μῖσος
767 1073 825 1109 καὶ
851 1073 1104 1123 θανατηφόρον
1128 1071 1184 1108 ἐπ’
1203 1071 1316 1108 αὐτὸν
1337 1070 1355 1107 ὁ
1375 1077 1434 1114 τῆς
1453 1069 1566 1117 βασι·

100 1142 205 1177 λείας
219 1141 230 1157 ¹
254 1140 338 1188 ἔρως
357 1139 610 1187 ἐξειργάσατο,
627 1142 700 1174 τοῖς
714 1136 784 1187 μὲν
798 1139 954 1173 πολλοῖς
974 1137 1077 1172 αἰτία
1097 1135 1232 1183 πρώτη,
1249 1140 1322 1171 τοῖς
1343 1132 1372 1170 δ’
1391 1134 1565 1171 ὑπούλοις

103 1203 225 1240 πάλαι
244 1204 423 1254 πρόφασις
443 1202 720 1251 εὺπρεπεστίιτη
740 1204 939 1250 γενομένη.
986 1199 1123 1236 Καίτοι
1143 1199 1202 1235 καὶ
1222 1200 1340 1245 λόγον
1360 1200 1443 1234 τινὰ
1463 1201 1568 1234 κατέ·

105 1281 261 1315 σπειραν
281 1268 330 1303 εἷς
345 1266 408 1303 τὸν
425 1264 542 1315 δῆμον
567 1265 600 1302 οἱ
617 1265 754 1310 ταύτην
773 1265 942 1312 Καίσαρι
960 1265 1026 1307 τὴν
1046 1264 1153 1312 τιμὴν
1173 1265 1441 1312 προξενοῦντες,
1463 1264 1507 1298 ὡς
1528 1262 1567 1298 ἐκ

103 1330 334 1380 γραμμάτων
353 1328 590 1377 Σιβυλλείων
609 1329 784 1379 ἁλώσιμα
814 1330 859 1366 τὰ
890 1327 1052 1375 Πάρθων
1083 1330 1251 1377 φαίνοιτο
1282 1326 1479 1375 Ῥωμαίοις
1500 1323 1569 1362 συν

101 1392 289 1441 βασιλεῖ’·
309 1397 613 1443 στρατευομένοις
643 1394 698 1430 ἐπ’
728 1392 870 1437 αὐτοὺς,
901 1393 1023 1428 ἄλλως
1053 1393 1230 1442 ἀνέφικτα
1250 1389 1351 1427 ὄντα·
1381 1391 1439 1426 καὶ
1459 1404 1569 1426 κατα-

101 1456 299 1505 βαίνοντος
318 1457 356 1504 ἐξ
370 1456 525 1505 ”Αλβης
546 1457 737 1505 Καίσαρος
762 1459 812 1494 εἱς
841 1458 905 1501 τὴν
936 1457 1059 1500 πόλιν,
1081 1456 1296 1504 ἐτόλμησαν
1315 1453 1428 1490 αὺτὸν
1447 1454 1568 1490 ιἰσπά-

106 1522 243 1558 σασθαι
261 1519 442 1568 βασιλέα.
498 1520 575 1557 Τοῦ
607 1519 648 1557 δὲ
681 1519 799 1571 δῆμον
833 1519 1156 1569 διαταραχθέντος,
1189 1519 1386 1568 ἀχθεσθεὶς
1418 1518 1567 1562 ἐκεῖνος,

104 1585 168 1621 οὐκ
198 1586 266 1635 ἔφη
293 1584 517 1630 Βασιλεὺς,3
551 1586 653 1621 ἀλλὰ
684 1585 851 1633 Καῖσαρ,
880 1584 1088 1620 καλεῖσθαι.
1146 1581 1223 1618 Καὶ
1252 1584 1455 1630 γενομένης
1483 1580 1571 1629 πρὸς

105 1652 210 1685 τοῦτο
230 1648 378 1685 πάντων
399 1657 547 1693 σιωπῆς,
569 1651 610 1685 οὐ
630 1649 728 1686 πάνυ
747 1646 910 1698 φαιδρὸς,
931 1645 1006 1684 οὐδ’
1026 1648 1177 1696 εὐμενὴς
1197 1647 1400 1694 παρῆλθεν.
1447 1644 1512 1681 Ἐν
1529 1642 1569 1680 δὲ

108 1713 301 1762 συγκλήτῳ
321 1715 426 1760 τιμάς
453 1728 555 1749 τινας
575 1714 767 1764 ὑπερφυεῖς
787 1714 898 1749 αὐτοῦ
927 1710 1231 1762 ψηφισαμένων,4

1259 1711 1370 1758 ἔτυχε
1388 1708 1458 1757 μὲν
1476 1707 1567 1756 ὑπὲρ

105 1781 179 1811 τῶν
199 1773 374 1824 ἐμβόλων
388 1777 400 1798 ⁵
432 1777 694 1826 καθεξόμενος·
724 1778 951 1824 προσιόντων
972 1773 1013 1811 δὲ
1032 1781 1104 1811 τῶν
1123 1773 1272 1810 ὑπάτων
1291 1774 1350 1809 καὶ
1369 1779 1442 1809 τῶν
1463 1785 1571 1818 στρα-

108 1845 246 1886 τηγῶν,
269 1840 348 1888 ἅμα
367 1837 407 1876 δὲ
425 1841 484 1876 καὶ
502 1847 562 1884 τῆς
579 1839 719 1887 βουλῆς
739 1841 884 1886 ἁπάσης
905 1840 1098 1890 ἑπομένης,
1117 1840 1189 1888 οὐχ
1199 1838 1465 1883 ὑπεξαναστάς,
1484 1836 1570 1872 ἀλλ’

773 1944 912 1976 NOTA-3

150 2008 170 2035 9
193 2005 266 2046 Περὶ
277 2006 357 2047 τοῖς]
382 2007 579 2048 Legendum
594 2007 728 2039 omnino
745 2012 810 2047 est,

107 2055 245 2095 Bryano
260 2058 440 2096 probante,
456 2068 532 2089 cum
549 2058 588 2089 C.
604 2058 716 2089 Auon.
743 2057 812 2098 περὶ

107 2105 200 2135 τοῦτο
214 2107 291 2145 τοῖς,
307 2107 339 2137 h.
356 2117 388 2139 e.
411 2109 504 2140 circa
526 2110 590 2139 hoc
606 2109 812 2148 institutum,

108 2155 196 2187 hanc
213 2158 461 2189 correctionem
474 2159 625 2200 quamvis
637 2159 812 2200 optimam.

155 2262 173 2290 1
196 2260 257 2296 Τῆς
283 2257 460 2300 βασιλείας]
482 2259 702 2291 Potissimum
729 2261 813 2302 regii

111 2317 268 2340 nominm.

153 2363 174 2391 2
198 2360 259 2393 Σὺν
272 2363 413 2402 βασιλεῖ]
430 2364 516 2395 Inde
532 2368 688 2395 auctores
703 2367 814 2404 erant,

112 2410 169 2450 qui
186 2411 356 2443 Caesarem
383 2415 499 2444 Romoe
517 2414 652 2455 quidem
673 2415 815 2455 impera-

112 2465 223 2492 torem
253 2472 292 2493 ac
325 2463 540 2503 dictatorem,
571 2465 602 2495 in
631 2465 813 2506 provinciis

112 2517 226 2543 autem
251 2522 364 2553 regern
383 2515 622 2554 appellandum
646 2516 813 2547 dicerent.

155 2565 174 2593 3
212 2562 378 2603 Βασιλεὺς]
419 2564 516 2595 Hanc
547 2574 664 2595 vocem
692 2574 815 2604 magna

112 2612 214 2644 litera
252 2613 486 2644 excudendum
517 2614 645 2644 curavi.
701 2615 816 2645 Caesar

114 2663 202 2694 enim
220 2664 271 2703 iis,
285 2665 340 2705 qui
358 2674 472 2704 regem
489 2675 565 2695 eum
582 2664 816 2705 appellabant,

116 2712 165 2744 ita
179 2714 356 2754 respondit
369 2724 407 2745 ac
424 2715 451 2744 si
465 2715 643 2746 innomine
659 2714 816 2746 falleren-

201 2767 316 2808 Delph.
332 2771 362 2799 et
383 2768 456 2799 Var.
471 2769 556 2800 Clas.

813 2768 893 2799 Coes.

866 2011 937 2038 tur:
961 2016 1021 2037 non
1036 2016 1126 2037 vocor
1140 2006 1224 2046 Rex,
1239 2014 1350 2036 meum
1364 2014 1487 2035 nomen
1502 2014 1571 2035 non

866 2061 919 2089 est
936 2057 1017 2097 Rex,
1032 2058 1084 2087 sed
1103 2057 1222 2087 Caesar.
1269 2056 1343 2086 Rex
1358 2053 1425 2086 fuit
1447 2064 1570 2096 cogno-

865 2117 942 2139 men
957 2107 1176 2138 Marciorum.

909 2161 929 2189 4
952 2158 1084 2198 Ψηφισ.]
1117 2157 1267 2188 Subaudi
1293 2158 1355 2187 τῶν
1380 2157 1570 2196 βουλευτῶν,

867 2217 927 2243 aut
941 2212 1004 2240 τῶν
1018 2211 1246 2249 συγκλητικῶν.
1292 2209 1362 2240 Pro
1389 2209 1483 2239 αὐτοῦ
1501 2218 1571 2239 ma-

866 2263 923 2294 lim
937 2262 1030 2300 αὐτῷ.
1055 2261 1182 2292 Reiske.

910 2317 927 2343 5
961 2310 1053 2352 Ὑπὲρ
1091 2313 1151 2341 ’τῶν
1189 2308 1345 2350 ἐμβόλων]
1378 2309 1419 2340 In
1461 2308 1569 2340 tribu-

867 2363 948 2402 nali,
986 2372 1048 2402 pro
1088 2361 1162 2392 aede
1187 2361 1330 2392 Veneris
1375 2359 1569 2399 genetricis.

867 2414 1024 2445 Honores
1054 2412 1185 2443 absenti
1213 2410 1343 2441 decreti
1367 2414 1479 2448 erant,
1504 2417 1571 2449 quo

868 2463 976 2503 magis
998 2473 1017 2492 a
1040 2472 1104 2492 nou
1122 2462 1250 2492 coactis
1272 2461 1330 2491 scd
1348 2461 1389 2491 ab
1407 2460 1496 2490 ultro
1515 2468 1571 2489 vo·

868 2513 1015 2544 lentibus
1045 2512 1157 2542 ornari
1180 2512 1366 2541 videretur.
1412 2510 1466 2542 Ne
1491 2519 1571 2540 vero

869 2563 1003 2601 credas,
1019 2562 1187 2592 Caesarem
1211 2570 1372 2601 responso
1395 2570 1454 2591 suo
1479 2569 1573 2591 sena-

870 2618 940 2643 tum
959 2617 994 2643 et
1012 2612 1173 2652 populum
1198 2610 1392 2649 offendisse,
1415 2620 1468 2650 eo,
1483 2610 1572 2651 quod

870 2673 935 2694 non
966 2663 1164 2701 assurrexit,
1194 2661 1382 2704 sedensque
1418 2667 1572 2694 senatum

871 2713 914 2744 ad
931 2723 967 2745 se
982 2714 1099 2745 venire
1116 2723 1233 2754 passus
1249 2717 1312 2743 est.

1406 2768 1427 2796 6
1450 2765 1484 2796 Κ
