1872 3104
233 173 292 213 lvi

272 277 372 308 tiam
385 276 495 307 sinuas
508 276 538 307 G
556 275 626 315 viii,
643 278 693 307 10.
737 276 780 307 de
797 275 930 306 homine

273 319 459 359 arroganti.
504 318 662 350 Incitatur
685 317 799 360 aliquia
813 318 855 349 ad
880 327 931 349 ar-

273 361 462 402 rogantiam
480 361 511 393 G
535 361 606 400 viii,
625 363 676 392 12.

231 403 386 437 Imitatus
402 413 495 444 equus
512 403 544 435 G
561 404 606 443 iv,
623 406 675 434 12.

231 447 380 484 Incolere,
395 445 598 486 frequenter
615 445 658 477 de
674 444 886 478 habitatione
899 445 930 478 G

272 489 296 529 i,
312 491 343 520 ι.
367 498 403 526 v,
426 490 459 526 2,
483 489 515 518 3.
539 487 703 527 iv‚1‚20.

231 531 436 572 lucr-epicure,
451 529 631 570 objurgare
643 529 676 561 G
690 529 726 569 ii,
739 532 790 562 15.
807 529 890 562 ibid.
901 539 932 561 c.

272 575 325 604 30.
357 572 544 602 vanitatem
570 575 607 603 et
629 571 809 604 stultitiam
832 573 932 605 alicui

275 613 498 653 exprobrare.

231 655 426 688 Incursiones
449 655 481 687 G
498 663 532 694 v,
548 656 579 685 1.
603 654 650 694 vi,
668 657 719 686 10.

231 700 388 735 Iucu-sare,
405 696 613 738 exprobrare
629 696 732 729 alicui
749 696 782 729 G
798 696 822 737 i,
838 699 892 729 40.

231 741 364 780 Indago,
379 744 466 779 rete,
479 749 546 781 quo
570 740 675 780 sylvae
707 749 737 771 v.
754 748 786 771 c.
802 748 823 771 a
837 749 936 772 vena-

274 782 404 814 toribus
421 782 607 823 cinguntur
623 782 655 814 G
669 782 739 822 viii,
763 784 814 814 18.

232 821 374 857 Indicere
393 824 556 856 concilium
575 825 611 857 in
626 824 710 857 diem
732 827 849 856 certam
865 824 896 857 G
912 824 936 865 i,

232 908 456 950 Indignitates,
471 908 603 950 injuriae
628 909 800 950 maximae,
814 908 936 951 quibus

277 961 344 984 non
357 951 478 993 dignus
495 956 571 984 erat
597 952 686 983 alter
700 952 732 984 G
749 953 784 992 ii,
797 955 849 985 14.

230 994 442 1035 &diligentia
472 995 546 1035 ejus
562 999 630 1034 est,
644 995 703 1036 qui
726 996 810 1026 nullo
834 994 938 1026 studio

274 1046 349 1068 rem
363 1038 433 1077 agit
459 1036 491 1069 G
509 1036 566 1075 vii,
584 1040 636 1068 17.
661 1037 752 1077 Ciii,
769 1040 800 1070 8.
834 1036 880 1070 cf.
905 1037 938 1069 A

275 1082 328 1112 66.
373 1079 430 1110 ubi
444 1079 492 1110 sic
508 1078 690 1120 legendum
717 1084 782 1111 est.
827 1079 938 1111 Inditi-

271 1130 350 1161 gens
365 1121 397 1153 G
417 1120 536 1160 vii,71.
559 1121 763 1161 indiligenter
779 1121 812 1154 G
835 1122 871 1163 ii,
887 1125 939 1154 33.

235 1164 386 1196 Inducere
400 1167 522 1196 scutum
548 1164 628 1205 pelle
653 1165 728 1196 loco
743 1164 866 1196 ferreae
891 1165 939 1196 la-

276 1207 376 1238 minae
393 1206 426 1238 G
443 1205 480 1248 ii,
496 1208 551 1238 33.
577 1205 647 1240 vid.
660 1207 703 1239 ad
720 1206 778 1239 Af.
799 1210 853 1239 90.

235 1248 368 1281 Induere
378 1249 515 1289 galeam,
536 1249 643 1290 capiti
667 1250 843 1291 imponere
857 1249 888 1282 G
905 1249 941 1290 ii,

275 1293 329 1324 21.
353 1290 399 1323 cf.
417 1291 514 1333 Virg.
540 1292 619 1324 AEn.
647 1292 684 1330 ii,
701 1295 776 1325 393.
802 1303 836 1333 v,
862 1295 938 1324 674.

277 1334 457 1366 Hactenus
486 1334 612 1366 milites
651 1335 796 1367 Caesaris
827 1339 941 1367 castra

276 1377 484 1416 munierant,
508 1376 567 1408 ubi
584 1386 650 1408 non
677 1387 762 1418 opus
790 1376 857 1409 fuit
884 1387 939 1419 ga-

277 1418 361 1457 1eis;
395 1428 486 1451 nunc
510 1419 561 1451 ita
587 1426 731 1460 repente
757 1419 942 1461 confligen—

279 1460 360 1492 dum
377 1465 442 1501 est,
459 1465 497 1493 ut
513 1471 556 1493 ne
581 1465 718 1504 tempus
735 1462 874 1505 quidem
889 1473 942 1494 su·

276 1503 386 1544 persit
417 1503 524 1544 galeis
551 1514 570 1535 e
605 1505 756 1537 tentorio
783 1505 941 1545 petendis

278 1549 317 1578 et
353 1546 458 1586 capiti
495 1545 721 1587 imponendis.
776 1548 944 1580 Similiter

279 1587 402 1628 aliquis
436 1588 528 1628 apud
556 1589 648 1621 Geli.
686 1590 732 1622 N.
757 1588 800 1622 A.
829 1589 886 1629 vii,
911 1593 942 1621 4.

281 1629 384 1670 dixit,
407 1640 520 1662 corona
555 1631 694 1663 indutus.
746 1632 880 1663 Induere
911 1641 943 1664 se

279 1672 383 1712 vallis,
404 1672 531 1704 irretiri
548 1673 580 1705 G
599 1673 658 1712 vii,
673 1675 729 1713 73,
744 1676 798 1705 82.

237 1714 417 1754 Indulgere,
435 1714 617 1754 benignum
633 1724 707 1746 esse
723 1715 756 1746 G
773 1715 830 1755 vii,
845 1717 900 1747 40.

238 1756 397 1788 Industrie
413 1756 446 1789 G
462 1756 522 1796 vii,
537 1759 591 1788 60.
617 1757 645 1790 C
660 1757 709 1797 iii,
724 1760 779 1789 95.

238 1798 382 1831 Inermus
398 1799 431 1831 G
448 1799 472 1838 i,
488 1802 541 1831 40.

239 1841 417 1881 Infatuare,
436 1841 579 1874 stultum
593 1840 738 1874 reddere
754 1839 813 1874 Af.
828 1845 882 1874 16.

240 1883 377 1922 Inferior
391 1884 507 1924 animo,
522 1884 579 1925 qui
595 1885 725 1916 minore
748 1889 802 1916 est
817 1885 946 1917 virtute

284 1930 321 1958 et
336 1925 473 1965 fiducia,
499 1935 599 1967 quam
628 1928 715 1958 alter
742 1927 774 1958 G
790 1927 827 1967 ii,
841 1929 873 1960 8.
897 1927 945 1967 iii,

275 1970 334 2000 24.
386 1971 481 1999 oetate
504 1971 561 1999 aut
584 1968 752 2000 viribusG
779 1969 849 2008 viii,
880 1972 933 2001 14.

280 2010 447 2050 inferiores
474 2010 561 2041 urbis
582 2013 698 2051 partes,
726 2010 777 2042 die
811 2011 944 2042 Nieder·

282 2054 382 2094 stadt,
404 2053 435 2084 la
447 2052 551 2094 partie
566 2052 652 2084 basse
664 2054 702 2084 de
718 2053 749 2084 la
763 2052 834 2085 viae
851 2053 879 2086 C
894 2053 944 2089 iii,

243 2136 369 2176 [nferre
384 2146 498 2168 merces
513 2137 739 2177 extrinsecus,
753 2146 821 2168 non
847 2141 944 2170 natas

283 2179 376 2211 domi
407 2180 439 2211 G
463 2179 499 2216 ii,
531 2182 581 2211 15.
633 2178 751 2217 insen-e
777 2180 882 2220 sig-na,
909 2180 944 2212 in

283 2222 418 2254 hostem
447 2221 540 2253 ferre
557 2221 589 2254 G
614 2221 636 2262 i,
658 2225 711 2254 25.
756 2232 841 2263 spem
865 2222 946 2263 Gii,

286 2266 340 2296 25.
384 2265 621 2304 cunctationem,
636 2274 754 2296 moram
772 2264 802 2296 A
815 2267 847 2296 2.
884 2264 945 2304 inf.

284 2306 381 2338 alicui.
409 2307 518 2338 υιιλπιω
540 2307 572 2339 G
590 2307 614 2346 i,
644 2310 696 2339 50.
734 2305 781 2339 cf.
816 2307 947 2340 Vulnus.

287 2350 422 2381 Causam
447 2349 578 2389 inferre,
605 2358 646 2380 ea
668 2349 732 2389 uti,
756 2359 832 2382 eam
857 2360 947 2382 com-

286 2401 476 2424 memorare
504 2392 537 2424 G
562 2392 585 2431 i,
605 2394 658 2423 39.
701 2402 826 2424 causam
852 2393 949 2425 alicui

288 2434 420 2474 inferre,
442 2435 580 2475 culpam
596 2433 770 2475 conjicere
797 2435 833 2466 in
857 2446 948 2476 eum,

288 2477 494 2509 comminisci
505 2476 648 2517 crimen,
660 2477 750 2519 quod
765 2477 950 2519 objiciatur

288 2519 321 2551 ci
348 2519 383 2551 H
400 2522 432 2552 l.
480 2518 597 2558 inferre
607 2521 752 2561 ‚aliquem
770 2521 804 2552 in
828 2530 950 2562 equum,

288 2561 465 2603 imponere
495 2572 595 2605 equo,
618 2562 824 2606 ἐπιβιβάζειν,
852 2563 885 2598 G
901 2564 948 2606 vi,

249 2644 390 2686 Irfiaeere,
407 2647 540 2689 tingere
557 2648 588 2680 G
602 2658 635 2688 v,
650 2651 702 2681 1⁴.

251 2687 424 2727 [nfidelitas
446 2691 477 2722 G
498 2691 566 2731 viii,
580 2694 635 2723 23.
659 2692 687 2725 C
703 2691 740 2732 ii,
754 2693 809 2723 33.

249 2728 380 2772 Infirma
395 2732 499 2772 arbor,
516 2734 629 2767 accisa
645 2734 677 2767 G
696 2734 743 2775 vi,
755 2737 810 2766 27.

886 181 1040 212 INDEX

984 274 1159 316 Infirmieas
1170 275 1280 315 animi,
1293 275 1462 307 mobilitas
1474 274 1506 307 G
1523 274 1568 316 iv,
1581 278 1614 316 5,
1628 279 1680 310 1⁸.

983 317 1097 358 Inflari
1119 317 1247 360 (fastu)
1273 318 1306 351 G
1322 319 1392 357 viii,
1421 321 1473 358 10,
1504 320 1555 350 12.
1599 318 1682 350 Sue·

1024 364 1095 392 ton.
1121 361 1204 393 Ner.
1221 364 1274 393 ³7.
1318 361 1459 402 inflatus,
1476 360 1638 393 incitatus
1654 361 1683 394 C

1025 402 1074 442 iii,
1102 406 1175 434 108.

984 445 1098 486 Inflate
1118 445 1210 485 loqui,
1226 445 1286 485 ita,
1301 450 1339 477 ut
1354 455 1409 477 res
1424 445 1536 478 verbis
1562 455 1684 488 augea·

1026 492 1082 518 tur
1099 487 1125 519 C
1143 488 1181 527 ii,
1199 490 1251 527 17,
1272 490 1328 519 39.
1352 488 1399 526 iii,
1415 491 1469 519 79.

984 528 1086 569 Infra,
1101 529 1136 561 in
1156 530 1269 562 locum
1292 528 1489 562 inferiorem
1512 530 1544 562 G
1561 530 1608 570 iv,
1630 532 1686 562 36.

1024 571 1110 610 infra
1125 573 1313 614 elephantos,
1324 572 1432 604 minor
1447 572 1636 615 elephantia
1652 571 1686 605 G

1027 615 1074 654 vi,
1085 617 1139 647 28.

986 656 1115 696 Insulae,
1145 656 1241 689 vittae
1266 666 1294 689 s.
1321 655 1434 688 fasciae
1451 657 1571 697 laneae,
1593 665 1687 690 ramo

1027 700 1184 740 oleagino
1199 700 1346 741 alligatae
1360 700 1387 732 C
1401 700 1435 741 ii,
1448 703 1499 731 12.
1515 699 1590 731 Liv.
1606 709 1689 739 xxx,

1028 743 1082 772 36.
1106 741 1228 773 Talem
1260 752 1388 774 ramum
1426 746 1577 784 gestare,
1623 740 1690 774 fuit

1029 783 1162 823 signum
1179 785 1353 824 supplicis.

988 823 1120 864 Ing-redi
1134 826 1221 856 intra
1239 826 1324 866 fines
1349 826 1381 858 G
1398 826 1434 866 ii,
1454 830 1487 858 4.
1529 827 1689 866 ingressus

1029 867 1064 898 in
1079 877 1147 898 eam
1160 868 1343 908 orationem,
1370 868 1428 909 qui
1455 868 1489 900 in
1503 868 1591 901 hanc
1615 878 1688 900 seu-

1031 910 1175 942 tentiam
1191 909 1328 942 dixerat
1354 909 1382 942 C
1397 910 1420 951 i,
1435 913 1466 942 2.

989 951 1074 983 Inibi
1089 952 1148 985 Af.
1163 955 1218 985 23.

989 994 1125 1035 Injicere
1157 995 1309 1035 studium,
1342 994 1512 1037 excitare,
1543 1004 1690 1028 commo-

1030 1047 1112 1069 vere
1127 1038 1161 1068 in
1178 1038 1288 1070 animo
1305 1037 1337 1070 G
1354 1038 1377 1077 i,
1400 1040 1455 1071 46.

989 1079 1146 1121 [niquitas
1160 1091 1279 1120 rerum,
1301 1079 1487 1113 difficultas
1505 1090 1525 1112 a
1539 1079 1694 1114 multitu-

1031 1123 1111 1155 dine
1131 1123 1420 1156 incommodorum
1433 1124 1465 1156 G
1480 1123 1516 1164 ii,
1529 1126 1584 1156 22.

990 1163 1122 1206 Iniquus
1136 1167 1218 1197 locus
1239 1166 1271 1198 G
1288 1167 1323 1206 ii,
1340 1169 1391 1198 10.

990 1206 1078 1239 Inire
1104 1208 1228 1249 bellum,
1240 1209 1392 1249 incipere
1410 1208 1444 1240 G
1457 1208 1527 1248 viii,
1541 1211 1574 1241 1.

991 1248 1079 1282 Inita
1093 1254 1214 1291 estate,
1228 1260 1305 1282 cum
1322 1260 1378 1282 vix
1393 1250 1570 1292 coepisset,
1584 1249 1694 1293 prima

1033 1296 1108 1325 aest.
1123 1293 1156 1325 G
1170 1293 1194 1324 ii
1224 1296 1257 1325 2.

992 1335 1160 1375 InJungere
1175 1316 1270 1378 trinq.
1283 1345 1367 1367 onus
1383 1335 1415 1367 G
1433 1335 1502 1376 viii,
1514 1338 1568 1369 49.
1583 1333 1612 1369 C
1629 1334 1695 1376 i,⁴.

992 1377 1125 1418 Iniuria,
1140 1378 1285 1420 passive,
1297 1379 1329 1410 G
1346 1378 1369 1417 i,
1383 1381 1437 1419 20,
1451 1381 1503 1411 30.
1526 1378 1584 1420 vii,
1598 1380 1655 1410 38.

991 1419 1114 1459 lnjussu
1126 1431 1203 1461 meo,
1216 1421 1336 1460 injussu
1347 1421 1476 1460 alicuius
1492 1421 1525 1453 G
1535 1421 1561 1460 i,
1577 1422 1631 1452 19.

991 1461 1125 1504 Inlucet,
1140 1464 1285 1495 lucescit
1299 1463 1326 1494 C
1339 1464 1362 1502 i,
1382 1465 1435 1495 23.

992 1504 1110 1537 Innaea
1136 1506 1232 1537 menti
1261 1505 1429 1546 cupiditas,
1456 1504 1697 1546 persuadendo

1034 1552 1113 1579 nata
1129 1558 1154 1580 s.
1171 1552 1245 1579 orta
1261 1548 1296 1579 in
1309 1548 1420 1579 animo
1437 1548 1470 1579 G
1487 1548 1509 1587 i,
1525 1550 1579 1580 41.
1602 1548 1695 1589 quod

1034 1589 1119 1620 ibid.
1143 1599 1174 1620 c.
1202 1593 1255 1622 46.
1286 1594 1352 1629 est,
1379 1591 1517 1621 studium
1541 1591 1698 1622 narrando

1033 1631 1191 1670 injectum.
1251 1631 1399 1662 Innatum
1427 1633 1630 1672 naturaliter,
1654 1632 1698 1664 ab

1035 1674 1110 1713 ipsa
1125 1677 1247 1705 natura
1258 1674 1365 1705 menti
1379 1673 1524 1705 inditum
1541 1674 1569 1706 C
1583 1674 1634 1717 iii,
1643 1676 1700 1708 92.

1035 1716 1129 1756 Ergo
1143 1716 1289 1746 innatum
1311 1715 1403 1756 apud
1432 1716 1606 1749 Caesarem
1631 1720 1699 1757 est,

1036 1766 1251 1799 quocumque
1281 1758 1383 1791 modo
1406 1758 1537 1792 illatum
1567 1760 1602 1792 in
1629 1759 1700 1792 ani-

1036 1809 1140 1839 mum,
1157 1799 1248 1842 quod
1275 1801 1387 1833 animo
1414 1810 1627 1843 quacumque
1653 1801 1698 1834 de

1036 1851 1138 1874 causa
1154 1842 1311 1874 inhaeret.

994 1883 1178 1917 Innocentio
1206 1889 1259 1917 est
1288 1886 1373 1926 eJus‚
1390 1885 1448 1927 qui
1478 1886 1521 1918 ab
1551 1886 1698 1919 avaritia

1036 1927 1102 1959 sibi
1118 1932 1301 1969 temperat,
1326 1938 1369 1960 ne
1384 1928 1513 1969 injuste
1527 1932 1607 1971 agat
1622 1929 1655 1962 G
1674 1929 1699 1971 i,

1035 1971 1089 2000 40.
1113 1970 1184 2002 Cic.
1201 1970 1283 2011 Leg.
1301 1971 1396 2002 Man.
1414 1973 1467 2002 13.

994 2011 1166 2043 Inscientia
1182 2011 1213 2043 G
1229 2011 1275 2052 iii,
1293 2016 1343 2045 19.
1387 2013 1553 2044 inscientia
1567 2013 1699 2046 locorum

1037 2053 1131 2093 Giii,
1151 2057 1184 2085 0.
1229 2054 1393 2086 inscientia
1418 2065 1504 2095 usus,
1529 2056 1700 2097 ignoratio

1035 2096 1140 2135 modi,
1152 2106 1220 2138 quo
1243 2097 1344 2130 modo
1360 2107 1397 2129 re
1424 2097 1588 2131 utendum
1603 2098 1649 2131 sit
1665 2098 1698 2132 G

1036 2138 1085 2179 iii,
1107 2141 1160 2170 13.

997 2181 1184 2222 Insectatus,
1199 2181 1331 2222 passive
1347 2180 1405 2215 Af.
1428 2185 1483 2215 71.

997 2224 1152 2297 Ιηεὶνυίνε
1175 2225 1270 2256 aliena
1293 2225 1365 2265 rei,
1380 2225 1413 2257 ei
1447 2233 1587 2267 operam
1613 2224 1697 2259 due

1000 2308 1144 2350 Insidioe,
1156 2307 1295 2340 fraudes
1313 2309 1345 2341 G
1361 2309 1385 2350 i,
1404 2311 1458 2342 13.

998 2351 1139 2392 lmigne,
1168 2351 1299 2393 signum
1327 2351 1360 2384 G
1383 2352 1444 2392 vii,
1468 2355 1522 2384 50.
1578 2351 1702 2393 insigne

1039 2394 1130 2426 navis
1147 2394 1310 2426 Praetorioe
1325 2394 1353 2427 C
1366 2394 1402 2434 ii,
1418 2398 1449 2426 6.
1492 2394 1632 2436 insignia
1642 2405 1701 2436 gu-

1040 2437 1170 2477 learum,
1199 2442 1400 2469 ornamenta
1428 2437 1635 2480 adventicia,
1660 2440 1699 2468 ut

1043 2480 1149 2521 galeae
1162 2477 1337 2521 fulgerent
1363 2489 1404 2511 eo
1419 2480 1526 2521 magis
1538 2481 1571 2513 G
1584 2480 1622 2520 ii,
1643 2481 1697 2511 21.

1041 2522 1100 2562 vii,
1125 2525 1180 2554 45.
1225 2522 1339 2554 Etiam
1363 2523 1395 2554 G
1413 2523 1438 2563 i,
1466 2526 1520 2555 22.
1576 2520 1698 2554 inteni-

1042 2565 1155 2605 genda
1183 2570 1261 2596 sunt
1292 2575 1463 2597 armorum
1489 2566 1698 2595 ornamenta.

1040 2608 1140 2641 Tales
1168 2612 1248 2640 sunt
1272 2608 1363 2649 apud
1383 2607 1466 2640 Tac.
1493 2605 1583 2637 Ann.
1606 2605 1697 2653 ³⁹2⁴·

1041 2650 1169 2683 milites
1185 2650 1350 2689 seditiosi,
1371 2659 1437 2682 non
1452 2647 1625 2687 fulgentes
1647 2656 1696 2678 m-

1042 2693 1204 2734 signibus,
1224 2693 1258 2724 h.
1276 2702 1306 2724 e.
1334 2701 1399 2724 non
1422 2690 1626 2722 addiderunt
1640 2699 1697 2738 ga-

1042 2736 1103 2768 leis
1118 2740 1156 2769 et
1170 2735 1269 2769 armis
1292 2735 1359 2767 suis
1383 2736 1597 2774 ornamenta,
1618 2742 1697 2777 quia
