1872 3104
234 162 346 204 1912
700 174 741 203 c.
771 173 809 203 J.
844 172 1061 203 cAESARIS
1094 172 1225 204 vlTA.

232 274 368 317 πρῶτος
388 265 468 304 εἷπε
487 267 638 316 Καῖσαρ
671 268 730 305 ἐπὶ
763 278 825 314 τῆς
856 270 988 306 ἑαυτοῦ
1020 270 1192 316 γυναικὸς
1211 269 1477 316 ἀποθανούσης·
1513 272 1570 307 καὶ
1589 273 1684 309 τοῦτ’

231 334 388 379 ἤνεγκεν
408 333 504 382 αὐτῷ
523 333 634 382 χάριν
655 335 748 376 τινὰ,
775 335 833 368 καὶ
866 331 1210 383 συνεδημαγώγησε
1230 337 1278 384 τῷ
1299 333 1406 370 πάθει
1426 334 1506 371 τοὺς
1526 332 1684 372 πολλοὺς

1375 396 1509 444 Θάψας
1543 396 1584 434 δὲ
1618 400 1685 443 τὴν

874 462 927 497 ἑνὶ
948 468 1019 498 τῶν
1040 469 1268 511 στρατηγῶν,
1298 460 1480 510 Bab-epa?
1514 465 1686 508 συνεξῆλ-

232 399 278 432 &s
310 398 444 444 ἥμερον
483 394 596 442 ἄνδρα
633 398 691 432 καὶ
725 401 948 445 περίμεστον
982 399 1113 442 ἤθους7
1149 400 1319 446 ἀγαπᾷν.

231 465 405 507 γυναῖκα,
427 463 558 506 ταμίας
578 462 628 496 εἰς
647 459 812 507 Ἰβηρίαν
826 460 839 481 ⁸

231 524 308 567 θεν,
331 524 373 559 ὃν
393 525 505 559 αὐτόν
524 538 563 559 τε
583 530 696 571 τιμῶν
716 527 772 561 ἀεὶ
794 523 993 568 διετέλεσε,
1024 528 1082 562 καὶ
1103 526 1167 563 τὸν
1188 527 1267 563 υἱὸν
1294 528 1406 563 αὐτοῦ
1425 527 1540 563 πάλιν
1560 528 1686 577 ἄρχων

230 590 370 635 ταμίαν
390 587 554 630 ἐποίησε.
625 584 829 635 Γενόμενος
848 588 877 625 δ’
896 589 968 626 ἀπὸ
990 596 1049 633 τῆς
1069 592 1184 641 ἀρχῆς
1205 593 1356 635 ἐκείνης,
1390 594 1511 638 τρίτην
1528 592 1561 609 ¹0
1594 590 1687 638 ἠγά-

759 654 786 670 11
1439 655 1470 672 12

231 665 319 696 γετο
340 654 511 695 γυναῖκα,
534 648 751 698 Πομπηΐαν,
825 654 923 702 ἔχων
944 654 981 689 ἐκ
1002 653 1212 701 Κορνηλίας
1232 656 1431 703 θυγατέρα,
1500 656 1564 698 τὴν
1585 656 1687 691 ὔστε-

229 728 294 762 ρον
331 711 510 762 Πομπηΐῳ
551 712 695 763 Μάγνῳ
739 719 990 763 γαμηθεῖσαν.
1081 717 1277 766 Χρὼμενος
1315 717 1355 754 δὲ
1390 724 1467 755 ταῖς
1506 716 1688 756 δαπάναις

229 774 394 826 ἀφειδῶς,
422 778 480 812 καὶ
514 774 628 813 δοκῶν
659 777 730 825 μὲν
759 778 942 827 ε’φὴμερον
970 782 1029 816 καὶ
1058 779 1250 830 βραχεῖαν
1280 783 1688 819 ἀντικαταλλάττεσθαι

228 841 408 889 μεγάλων
430 840 687 889 ἀναλωμάτων
708 839 830 886 δόξαν,
853 841 1055 891 ὠνούμενος
1086 841 1127 878 δὲ
1156 848 1233 880 ταῖς
1251 846 1441 888 ἀληθείαις
1461 848 1506 882 τὰ
1524 849 1687 895 μέγιστα

229 911 377 953 μικρῶν,
398 906 566 951 λέγεται,
587 906 671 952 πρὶν
691 907 741 941 εἷς
761 906 883 955 ἀρχὴν
903 921 985 942 τινα
1008 908 1266 952 καθίστασθιιι,
1288 910 1423 958 χιλίων
1455 910 1514 944 καὶ
1547 923 1687 956 τριακο-

231 970 320 1004 σίων
340 970 517 1015 γενὲσθαι
536 970 804 1019 χρεωφειλέτης
837 969 1082 1006 ταλάντων.’3

493 1032 526 1052 ¹⁴
558 1031 792 1082 ἀποδειχθεὶς
812 1034 1044 1083 ἐπιμελητὴς,
1066 1034 1276 1085 πάμπολλα
1305 1040 1480 1086 χρήματα
1501 1039 1692 1084 προσανά-

1137 970 1240 1007 Ἐπεὶ
1271 969 1312 1007 δὲ
1342 976 1446 1008 τοῦτο
1482 971 1565 1019 μὲν,
1602 971 1689 1009 ὀδοῦ

230 1040 290 1076 τῆς
308 1030 474 1068 Ἀππίας

229 1097 329 1131 λωσε
347 1101 420 1131 τῶν
440 1095 584 1131 ἑαυτοῦ·
615 1100 719 1132 τοῦτο
740 1094 782 1141 δ’,
803 1098 1099 1148 ἀγορανομιῗιν,’5
1122 1099 1242 1146 Ξεύγη
1257 1100 1484 1150 μονομάχων
1499 1101 1690 1148 τριακόσια

229 1160 287 1195 καὶ
317 1158 433 1195 ε’ίκοσι
465 1162 648 1210 παρέσχε,
669 1161 728 1196 καὶ
762 1165 841 1198 ταῖς
870 1162 1003 1199 ἄλλαις
1023 1165 1103 1211 περὶ
1125 1165 1169 1201 τὰ
1190 1165 1325 1212 θέατρα
1359 1165 1417 1200 καὶ
1447 1166 1594 1213 πομπὰς
1632 1165 1692 1200 καὶ

230 1220 362 1259 δεῖπνα
381 1225 576 1272 χορηγίαις
596 1226 655 1260 καὶ
674 1227 930 1263 πολυτελείαις
950 1229 1014 1265 τὰς
1032 1227 1100 1276 πρὸ
1121 1228 1232 1264 αὑτοῦ
1249 1230 1451 1264 κατέκλυσε
1467 1230 1690 1277 φιλοτιμίας,

229 1284 321 1323 σῧτω
342 1284 487 1331 διέθηκε
505 1287 568 1324 τὸν
588 1284 718 1336 δῆμον,
741 1291 788 1325 ὡς
807 1292 933 1326 καινὰς
952 1291 1023 1341 μὲν
1043 1292 1175 1340 ἀρχὰς,
1197 1292 1324 1327 καινὰς
1351 1288 1391 1326 δὲ
1423 1292 1528 1341 τιμὰς
1562 1291 1692 1335 Ξητεῖν

231 1351 398 1394 ἕκαστον,
420 1347 477 1386 αἶς
496 1350 608 1388 αὑτὸν
629 1351 868 1401 ἀμείψαιντο.

815 1531 974 1575 CAP.
1025 1534 1112 1576 VI.

231 1641 307 1673 Qua
323 1643 397 1671 arte
416 1639 532 1671 Caesar
548 1640 781 1672 Marianorum
797 1642 924 1673 animos
939 1643 1102 1684 erexerit,
1129 1652 1293 1675 summum
1323 1642 1432 1684 plebis
1458 1643 1609 1674 favorem
1636 1653 1694 1674 ex-

895 1698 1026 1736 pertus.

283 1778 395 1816 Δυεῖν
428 1777 458 1816 δ’
490 1780 610 1817 οὔσων
647 1780 689 1816 ε’ν
727 1784 770 1833 τῇ
801 1783 908 1818 πόλει
931 1781 1112 1826 στάσεων,
1133 1790 1194 1826 τῆς
1223 1782 1293 1832 μὲν
1324 1780 1398 1818 ἀπὸ
1428 1780 1569 1824 Σύλλα,
1591 1785 1693 1831 μέγα

230 1842 448 1892 δυναμένης,
469 1852 529 1888 τῆς
546 1842 583 1881 δέ
603 1843 813 1894 Μαριανῆς,
833 1848 854 1890 ἢ
875 1846 956 1882 τότε
977 1850 1201 1895 κατεπτήχει
1236 1846 1295 1881 καὶ
1328 1843 1545 1889 διέσπαστο,
1567 1843 1694 1893 κομιδῆ

228 1909 386 1944 ταπεινὰ
415 1907 640 1956 πράττουσα,
673 1912 808 1954 ταύτην
840 1908 1058 1959 ἀναρῥῶσαι
1088 1910 1147 1945 καὶ
1177 1909 1491 1958 προσαγαγέσθαι
1510 1906 1521 1921 ¹
1558 1905 1696 1954 βουλό-

892 2001 1031 2034 NOTAE

271 2066 289 2094 7
308 2063 435 2103 Ἤθους]
459 2063 512 2095 Sc.
529 2063 647 2103 ἀγαθοῦ
661 2064 711 2095 καὶ
725 2063 846 2105 ἡμέρου.

270 2116 290 2144 8
308 2112 518 2154 ΕἷςἺβηρίαν]
533 2114 934 2157 Ulterioremintessigas.

271 2166 292 2194 9
314 2161 450 2204 Βαίτερι]
493 2164 547 2195 Sic
566 2165 691 2196 Reiske
717 2176 779 2207 pro
793 2165 932 2207 Βαίτωρι.

231 2215 315 2246 Cum
331 2214 404 2244 aliis
421 2219 456 2245 et
474 2214 559 2245 Cod.
577 2214 687 2247 Anon.
716 2217 864 2257 praefero
879 2216 933 2248 Βέ-

227 2275 304 2304 τερι.
359 2264 474 2295 Caesar
500 2265 590 2295 enim
617 2265 750 2297 Velleio
781 2271 933 2308 auctore,

227 2324 269 2346 11.
284 2317 337 2345 43.
364 2314 426 2344 sub
448 2315 590 2346 Antistio
610 2316 720 2347 Vetere
735 2322 886 2358 quaestor
901 2318 934 2349 in

230 2366 292 2396 ult.
312 2364 476 2404 Hispania
492 2365 569 2396 fuit.

273 2418 313 2448 10
335 2414 460 2455 Τρίτην]
505 2416 621 2446 Prima
637 2417 724 2447 euim
742 2416 806 2449 fuit
824 2419 934 2449 Cossu-

229 2468 287 2505 tia,
323 2465 452 2498 famiflia
482 2468 631 2507 equestri
662 2468 722 2499 sed
753 2469 933 2501 admodum

229 2518 335 2557 dives,
366 2522 572 2558 praetextato
602 2517 830 2559 desponsata;
868 2530 936 2562 qua

230 2568 368 2598 dimissa
382 2567 568 2606 Corneliam,
588 2567 705 2599 Cinnae
723 2568 839 2610 filiam,
853 2570 935 2601 dux-

231 2623 315 2648 erat.
361 2619 458 2648 Suet.
475 2617 545 2650 Jul.
562 2621 591 2649 l.

276 2671 311 2697 ll
338 2668 456 2707 Πομπ.]
474 2670 519 2701 Q.
533 2669 690 2709 Pompeii
710 2669 802 2709 Rufi,
815 2679 844 2702 a.
857 2670 936 2702 Chr.

231 2721 283 2750 88.
300 2726 375 2748 cum
393 2719 484 2757 Sylla
501 2719 667 2758 Consulis,
687 2719 813 2759 fi!ian›;
836 2731 935 2762 quam

986 2074 1029 2096 ne
1057 2064 1176 2096 credas
1199 2073 1349 2096 sororem
1380 2064 1536 2105 Pompeii
1562 2064 1695 2104 Magni,

987 2115 1082 2156 cujus
1100 2120 1199 2155 pater
1215 2115 1277 2146 Cn.
1297 2115 1419 2154 Pomp.
1432 2113 1554 2145 Strabo
1571 2113 1649 2155 suit,
1662 2123 1692 2145 a.

987 2166 1067 2198 Chr.
1085 2168 1136 2196 89.
1185 2165 1310 2196 Consul
1330 2174 1407 2195 cum
1422 2164 1564 2195 Catone.

1032 2220 1072 2247 12
1095 2214 1273 2255 Θνγατέρα]
1297 2215 1447 2248 Juliam„

1031 2270 1070 2297 13
1097 2269 1180 2299 1300
1191 2264 1372 2306 Ταλάντων]
1414 2265 1449 2296 Si
1466 2274 1567 2296 unum
1585 2264 1694 2296 talen-

989 2321 1059 2348 tum
1075 2317 1206 2358 aequale
1223 2321 1275 2348 est
1293 2320 1375 2348 1350
1394 2315 1518 2355 Rthnr„
1546 2314 1696 2346 debebat

990 2370 1162 2408 1,755‚000
1180 2368 1293 2399 ἰωήν.

1033 2421 1071 2450 14
1105 2420 1166 2455 Τῆς
1191 2417 1335 2457 Ἀππίας]
1380 2418 1467 2450 Qua:
1495 2417 1604 2447 Roma
1631 2416 1695 2448 Ca-

989 2479 1090 2510 puam
1107 2469 1202 2509 (iude
1218 2466 1464 2507 Brundusium)
1481 2467 1640 2498 ducebat.

1034 2522 1071 2549 15
1095 2519 1324 2559 Ἀγορανομῶν]
1360 2517 1478 2550 AEdilis
1495 2528 1525 2549 a.
1544 2518 1624 2549 Chr.
1639 2519 1693 2547 64.

990 2569 1044 2601 Cf.
1059 2570 1154 2602 Suet.
1172 2570 1243 2602 Jul.
1261 2580 1290 2600 c.
1306 2573 1359 2601 10.

1034 2675 1050 2703 1
1076 2673 1231 2714 Upon-y]
1255 2674 1340 2705 Cum
1356 2672 1492 2711 Bryano
1507 2669 1584 2709 lego
1599 2679 1606 2699 ;
1623 2680 1692 2708 προ-

991 2735 1026 2762 w)
1035 2722 1177 2761 αγέσθαι.
