1872 3104
595 177 636 205 c,
669 175 706 205 J.
739 173 956 203 cAEssmis
988 172 1120 201 VITA.
1480 163 1589 204 1951

142 278 215 311 τοῖς
234 274 315 322 περὶ
335 271 508 309 Λέντλον
528 268 693 317 ὑβρίσαι,
715 272 1002 314 κατηγοροῦντα.
1057 265 1218 303 Φαώνιος
1243 263 1271 300 δ’
1291 265 1401 301 αὺτὸν
1420 267 1590 304 ἐκέλευσε

143 340 190 388 τῷ
211 335 294 374 ποδὶ
312 335 459 373 τύπτειν
479 335 544 377 τὴν
565 337 649 378 γῆν·
681 332 760 367 ἐπεὶ
780 334 1054 379 μεγαληγορῶν
1070 343 1156 364 ποτε
1172 327 1256 375 πρὸς
1282 330 1347 371 τὴν
1373 330 1591 373 σύγκλητον,

144 399 250 437 οὐδὲν
269 400 330 436 εἷα
349 399 696 444 πολυπραγμονεῖν,
725 392 806 430 οὐδὲ
836 395 1046 443 φροντίξειν
1066 394 1224 428 ἐκείνους
1245 397 1304 433 τῆς
1324 391 1383 426 ἐπὶ
1403 390 1466 426 τὸν
1487 393 1594 427 πόλε-

143 479 214 513 μον
232 468 475 508 παρασκευῆς·
507 458 612 496 αὐτὸς
633 461 718 506 γαρ,
739 457 831 493 ὅταν
868 455 995 510 ἀπίῃ,4
1027 456 1177 503 κρουσας
1207 455 1247 491 τὸ
1281 453 1412 504 ἔδαφος
1430 457 1475 504 τῷ
1496 452 1592 498 ποδὶ,

144 527 424 575 στρατευμάτων
444 524 650 572 ἐμπλήσειν
667 526 733 565 τὴν
751 520 932 558 Ἰταλίαν.
987 518 1046 557 Οὐ
1076 522 1149 568 μὴν
1168 520 1251 554 ἀλλ’
1272 520 1328 554 καὶ
1356 519 1435 554 τότε
1464 520 1594 561 πλήθει

143 588 326 637 δυνάμεως
346 585 583 635 ὑπερέβαλεν
615 586 634 621 ὀ
661 584 853 633 Πομπήϊος
872 586 937 628 τὴν
958 584 1161 629 Καίσαρος·
1192 583 1297 618 elane
1328 580 1356 616 δ’
1387 578 1501 616 οὐδεὶς
1532 580 1596 617 τὸν

144 649 260 700 ἄνδρα
279 652 491 701 χρήσασθαι
514 655 586 687 τοῖς
607 650 738 686 ἑαυτοῦ
758 651 964 698 λογισμοῖς,
997 649 1081 683 ἀλλ’
1098 648 1153 683 ὑπ’
1171 646 1424 693 ἀγγελμάτων
1444 646 1595 681 πολλῶν

144 718 202 751 καὶ
235 713 382 761 ψευδῶν
417 716 474 750 καὶ
512 711 652 763 φόβων,
688 715 733 749 ὡς
765 713 963 763 ἐφεστῶτος
995 710 1060 756 ἤδη
1088 716 1150 747 τοῦ
1183 712 1374 757 πολεμίου,
1397 710 1453 743 καὶ
1474 711 1598 744 πάντα

143 781 375 828 κατέχοντος,
391 779 486 823 ε’ἰξαε
506 779 564 814 καὶ
586 778 881 823 συνεκκρουσθεὶς
901 779 942 829 τῇ
962 777 1110 812 πάντων
1124 777 1228 824 φορᾷ,
1243 773 1466 821 ἑηζιηφίὲετος
1489 785 1599 818 ταρα-

143 843 218 892 χὴν
238 841 338 888 ὁρᾷν,
359 843 417 877 καὶ
437 843 503 884 τὴν
523 841 633 876 πόλιν
652 841 812 884 ἐξέλιπε,
846 842 1021 876 κελεύσας
1041 840 1195 874 ἔπεσθαι
1214 837 1280 878 τὴν
1306 838 1518 882 γερουσίαν,
1541 835 1598 870 καὶ

145 902 287 953 μηδένα
306 907 434 953 μένειν
452 911 524 942 τῶν
546 903 615 953 πρὸ
635 909 696 947 τῆς
715 901 927 951 τυραννίδος
956 903 1148 955 ᾑρημένων
1174 901 1240 942 τὴν
1269 895 1429 946 πατρίδα
1456 899 1513 934 καὶ
1533 899 1599 942 τὴν

145 968 373 1015 ἐλευθερίαν.

645 1176 680 1217 C
696 1175 738 1217 A
752 1177 805 1219 P.
857 1176 1105 1218 XXXIV.

146 1296 380 1328 Tumultuaria
395 1295 478 1336 fuga
493 1296 665 1326 consulum
694 1295 980 1336 plurimorumque
1005 1298 1198 1326 senatorum
1216 1303 1257 1325 ex
1274 1293 1369 1324 urbe.
1415 1291 1605 1323 Clementia

189 1349 333 1381 Caesaris
363 1358 445 1388 erga
473 1348 675 1387 Labienum,
706 1348 763 1389 qui
797 1347 840 1377 ad
871 1347 1072 1387 Pompeium
1105 1347 1319 1386 transiverat,
1347 1351 1383 1376 et
1412 1345 1604 1375 Domitium

192 1400 349 1441 Pompeii
366 1398 578 1441 praefectum,
595 1399 651 1440 qui
669 1404 790 1440 captus
807 1403 893 1430 erat.

202 1486 253 1525 Οἱ
270 1487 340 1537 μὲν
359 1484 423 1523 οὖν
441 1485 572 1523 ὕπατοι
591 1484 686 1535 μηδ’,
709 1487 733 1521 ἂ
756 1486 860 1535 νόμος
881 1486 958 1522 ἐστὶ
986 1485 1055 1533 πρὸ
1085 1483 1222 1530 ἐξόδου,
1251 1483 1426 1520 θύσαντες
1455 1481 1605 1530 ἔφυγον

149 1552 308 1601 ἔφευγον
341 1549 382 1587 δὲ
407 1552 467 1586 καὶ
499 1556 571 1586 τῶν
600 1548 813 1596 βουλευτῶν
843 1548 876 1585 οἷ
905 1551 1087 1593 πλεῖστοι,
1117 1549 1250 1597 τρόπον
1269 1548 1351 1583 τινὰ
1372 1543 1416 1581 δι’
1436 1546 1608 1591 ἁρπαγῆς

1523 1607 1610 1643 Εἰσὶ

149 1615 223 1651 ἀπὸ
255 1620 326 1651 τῶν
357 1612 474 1658 ἰδίων,
496 1612 516 1649 ὅ
536 1629 568 1650 τι
587 1615 749 1663 τύχοιεν,
785 1614 906 1662 ὥσπερ
937 1615 1162 1661 ἀλλοτρίων,
1192 1608 1465 1660 λαμβάνοντες.

809 1728 947 1759 NOTAE

150 1802 267 1833 vertit:
279 1802 458 1842 Pompeium
466 1802 852 1842 aliiatquealiihincillinc

151 1853 304 1883 restabant
330 1856 360 1883 et
382 1852 596 1891 exagitabant,
616 1855 732 1893 partim
756 1855 853 1884 ratio-

151 1912 220 1933 nem
235 1904 367 1943 torporis
381 1906 410 1934 et
427 1904 588 1943 patientioe
600 1905 773 1934 reddentem
789 1905 854 1934 exi-

148 1952 304 1991 gentibus,
327 1954 379 1993 (μα’
397 1953 549 1984 Coesarem
565 1954 599 1983 in
614 1953 807 1993 semetipsum
823 1957 854 1984 et

152 2003 186 2032 in
217 2002 436 2042 rempublicam
464 2005 625 2042 tantopere
656 2003 794 2033 auxisset
823 2006 854 2033 et

154 2055 384 2091 exaggerasset,
406 2052 524 2092 partim
540 2062 587 2083 eos
601 2062 616 2082 e
631 2053 784 2083 contrario
808 2054 855 2084 in-

153 2105 321 2139 cusantem,
335 2102 388 2141 qui
403 2103 569 2133 Lentulum
593 2103 703 2132 sissent
719 2112 770 2132 eas
789 2113 856 2133 con-

154 2152 297 2183 tumelias
312 2162 471 2193 aspergere
494 2152 622 2190 Caesari,
640 2152 775 2192 quamvis
787 2163 854 2183 con-

155 2203 273 2233 cedenti
301 2206 331 2232 et
356 2201 544 2233 conditiones
556 2202 642 2241 pacis
664 2212 766 2241 (equas
780 2202 855 2242 offe-

154 2252 248 2282 renti.
295 2252 380 2281 Mihi
406 2250 487 2281 nihil
508 2250 705 2281 mutandum
724 2251 855 2282 videtur

156 2301 220 2332 nisi
231 2301 477 2340 κατηγοροῦντας
487 2300 518 2330 'm
529 2298 769 2340 κατηρορούτων,
780 2311 855 2332 cum

158 2350 242 2381 Cod.
266 2351 308 2380 V.
333 2356 367 2380 et
396 2349 506 2380 Anon.
550 2350 627 2382 Quo
652 2349 744 2381 facto
771 2351 856 2382 hauc

156 2399 261 2430 habes
278 2400 495 2429 sententiam:
523 2400 638 2439 Ipsum
656 2400 856 2441 Pompeium

159 2450 340 2480 attonitum
357 2450 412 2479 alii
428 2450 494 2480 alio
519 2450 657 2480 crimine
681 2452 857 2489 perturba-

159 2499 261 2537 bant;
297 2499 329 2529 in
359 2499 501 2529 aliorum
529 2499 780 2538 objurgationes
811 2500 858 2530 in-

158 2549 328 2587 currebat,
364 2548 455 2589 quod
493 2549 634 2579 Caesaris
672 2550 857 2588 potentiam

158 2602 279 2630 contra
294 2607 329 2629 se
345 2597 455 2638 ipsum
477 2598 620 2635 auxerit,
633 2601 668 2627 et
683 2597 774 2637 quod
801 2598 858 2628 im-

158 2648 256 2693 perio
271 2647 466 2690 (novissime
478 2652 598 2679 cont-ra
609 2648 777 2678 Caesarem
794 2651 860 2678 tra„-

906 1802 996 1842 dito)
1011 1802 1097 1833 male
1115 1802 1159 1833 sit
1180 1811 1280 1839 usns3
1302 1799 1355 1830 alii
1379 1807 1455 1829 enm
1479 1797 1610 1827 incusa-

908 1852 1002 1890 bant,
1019 1851 1108 1892 quod
1135 1851 1308 1882 Caesarem
1331 1848 1403 1889 jain
1430 1845 1609 1877 cedentem

907 1907 943 1932 et
968 1910 1081 1942 aequas
1110 1900 1321 1930 conditiones
1360 1895 1558 1927 offerentem
1591 1902 1611 1923 a

907 1951 1054 1981 Lentulo
1071 1949 1202 1990 injuriis
1220 1947 1308 1979 affici
1325 1945 1531 1987 permiserit.

950 2003 970 2030 4
993 1998 1095 2040 Ἀπίῃ]
1118 1999 1172 2030 Se.
1189 2009 1233 2029 ex
1250 1998 1344 2028 urbe.
1383 1996 1448 2027 Sed
1465 1993 1610 2036 praefero

908 2049 975 2092 ἐπίῃ
993 2060 1040 2081 sc.
1058 2051 1184 2087 Caesar,
1200 2059 1276 2080 cum
1293 2048 1376 2080 Cod.
1393 2047 1435 2078 V.
1452 2052 1486 2076 et
1501 2045 1610 2076 Anon.

908 2102 1029 2132 Solano
1061 2099 1237 2140 probante.
1283 2097 1336 2129 Cf.
1365 2097 1487 2135 Pomp.
1520 2095 1613 2132 vita,

909 2161 938 2182 c.
969 2154 1020 2181 57.
1059 2149 1110 2180 καὶ
1139 2148 1211 2179 τοὺς
1236 2146 1400 2186 λέγοντας,
1430 2145 1467 2175 ἂν
1499 2142 1611 2184 ἐλαύνῃ

910 2203 1029 2240 Καῖσαρ
1045 2200 1093 2230 ἐπὶ
1108 2199 1166 2236 τὴν
1178 2198 1281 2235 πόλιν,
1298 2197 1358 2235 οὐχ
1374 2197 1446 2236 ὁρᾷν
1461 2193 1612 2232 δυνάμεις,

909 2250 956 2282 αἶς
969 2250 1060 2281 αὐτὸν
1075 2250 1267 2288 ἀμυνοῦνται,
1279 2249 1399 2286 μειδιῶν
1407 2247 1451 2284 τῷ
1463 2243 1613 2285 προσώπῳ

910 2301 960 2332 καὶ
997 2300 1214 2339 διακεχυμένος
1257 2299 1382 2337 ἀμελεῖν
1436 2294 1609 2327 ἐκέλευσεν·

902 2350 1006 2382 ’Ὀπου
1033 2351 1095 2391 ’γὰρ
1124 2350 1174 2389 ἂν,
1199 2348 1270 2389 ἔφη,
1304 2349 1359 2384 τῆς
1385 2345 1522 2376 Ἰταλίας
1552 2343 1613 2382 ε’·γὼ

911 2400 1028 2441 κρούσω
1043 2403 1087 2439 τῷ
1101 2400 1169 2431 ποδὶ
1184 2400 1242 2436 τὴν
1257 2400 1328 2437 γῆν,
1343 2395 1545 2427 ἀναδύσονται
1563 2391 1614 2423 καὶ

911 2451 1034 2490 πεζικαὶ
1060 2451 1111 2480 καὶ
1138 2449 1256 2479 ἱππικαὶ
1279 2446 1428 2485 δυνάμεις.
1475 2442 1614 2474 Confer.

913 2501 1062 2540 ejusdem
1080 2500 1156 2530 libri
1170 2509 1200 2529 c.
1216 2502 1268 2529 60.
1286 2503 1322 2528 et
1336 2500 1388 2526 61.

955 2554 973 2579 5
997 2548 1200 2588 Ἐψηψίζετο]
1223 2548 1279 2577 Sic
1306 2545 1401 2575 dedit
1419 2542 1543 2573 Reiske
1570 2549 1614 2570 ex

913 2599 1014 2638 conj.,
1031 2608 1105 2638 quae
1122 2598 1198 2627 huic
1226 2597 1299 2626 loco
1324 2594 1429 2634 magis
1445 2590 1615 2630 convenit,

913 2656 1015 2688 quam
1030 2646 1167 2686 vulgata
1181 2643 1358 2684 ψηφίζεται.
