1872 3104
266 190 346 230 lxx

315 295 440 326 auxilio
455 304 571 325 venire
589 294 620 325 G
638 295 674 329 ii,
690 297 742 324 25.

272 338 458 377 Subsistem,
471 347 544 369 esse
558 338 606 368 rei
618 346 734 377 parem
750 335 804 375 (ut
819 335 874 376 qui
887 345 970 366 onus

313 381 430 420 subiit,
457 379 638 419 substitit),
666 388 739 410 esse
755 378 914 410 idoneum
935 384 971 409 et

313 424 396 455 satis
425 422 587 460 validum,
610 421 734 453 durare
757 430 856 462 posse
880 420 911 452 G
936 431 969 460 v,

315 469 366 498 10.
405 475 435 495 v.
453 464 604 496 Gronov.
621 464 663 493 ad
682 464 757 494 Liv.
775 464 880 500 xxvii,
895 466 926 493 7.

269 507 520 540 Substrucciones
541 506 670 545 theatri,
692 507 842 546 parietes
858 505 971 546 magni

314 551 342 583 C
358 551 393 586 ii,
409 552 462 580 25.

270 592 442 623 Subuehere
465 590 606 627 natibus,
628 589 797 621 advehere
821 590 852 621 G
871 591 893 628 i,
909 593 970 621 16:

314 633 404 666 unde
425 632 578 664 subvectio
600 630 756 669 fmmenti
778 632 809 663 G
833 633 891 669 vii,
921 635 972 664 10.

314 675 432 715 κομιδή.

271 720 451 757 Succedere,
467 717 598 757 insequi
615 716 647 748 G
665 716 688 754 i,
703 719 755 747 25.
772 716 863 747 Hinc
881 716 912 748 G
928 717 974 756 iv,

314 765 347 793 3.
390 762 431 793 iis
447 759 523 793 Ubii
535 760 714 797 succedunt,
728 757 864 791 finitimi
881 764 972 790 sunt.

313 805 402 837 Sacc.
416 806 534 844 potius,
564 802 605 833 ad
633 811 690 833 eas
708 801 874 834 atu-edere
891 801 923 831 G
938 801 973 837 ii,

314 850 346 880 6.
369 847 441 886 viii,
456 849 509 879 41.
553 844 643 876 unde
652 854 808 877 successus
823 843 855 876 G
873 843 906 882 ii,
918 845 973 875 20.

311 890 430 922 saccea.
448 888 683 926 munitionibus,
699 887 973 927 appropinquare

314 933 346 965 A
372 936 427 971 27,
454 934 508 964 29.
552 940 636 962 mare
663 929 810 967 succedit,
838 929 974 960 aeredit

314 977 420 1016 magis
435 974 609 1014 magisqm·
625 973 666 1004 ad
684 973 756 1011 hos,
775 972 829 1013 qui
845 976 923 1003 snut
940 971 973 1001 in

314 1019 518 1055 continenti,
543 1015 697 1046 csniilmt
712 1015 800 1051 sich;
826 1015 973 1054 brevius,

315 1060 523 1101 expanditur
537 1060 653 1089 littore
672 1062 744 1088 toto
762 1058 789 1088 C
804 1057 840 1094 ii,
856 1059 908 1087 24.

273 1104 438 1135 succidere
467 1103 591 1132 arbores
615 1100 646 1131 G
674 1109 707 1135 v,
737 1102 768 1130 9.
818 1099 974 1131 succidere

308 1148 471 1184 frumenta
490 1144 520 1174 G
537 1144 581 1176 iv„
602 1145 651 1177 19.
668 1144 719 1173 37.

273 1189 383 1227 Sudes,
399 1188 480 1228 pali,
496 1186 602 1217 fustes
620 1185 652 1217 G
667 1196 698 1221 v.
715 1187 766 1216 18.

272 1232 424 1273 Suffigfre
438 1231 470 1261 in
486 1239 573 1260 cruce
589 1228 646 1262 Af.
663 1230 715 1259 66.

271 1275 399 1306 Sumere
411 1277 530 1313 tempus
551 1273 590 1302 ud
613 1270 844 1302 deliberandum
857 1270 889 1302 G
907 1270 927 1309 i,
942 1272 974 1301 7.

313 1326 434 1349 sumere
450 1316 646 1353 frumentum
662 1324 700 1345 ea:
711 1313 811 1353 agris,
823 1322 977 1352 compor-

316 1365 392 1391 tare
409 1359 441 1390 G
460 1357 483 1397 i,
501 1360 552 1388 16.
586 1367 612 1387 s.
625 1357 699 1397 quid
712 1356 890 1394 argumenti
903 1356 978 1395 loco,

317 1412 358 1434 eo
376 1402 423 1432 uti
441 1402 515 1432 loco
538 1398 732 1440 argumenti
756 1398 784 1430 C
809 1398 833 1436 i,
851 1400 903 1429 67.
949 1408 976 1427 s.

315 1445 462 1482 laborem,
479 1443 653 1482 suscipere
671 1441 702 1472 G
721 1440 768 1480 iii,
786 1443 836 1471 14.
882 1450 908 1471 s.
925 1451 976 1471 ar-

316 1486 506 1527 rogantiam,
521 1485 596 1516 fieri
613 1488 830 1522 arrogantem
843 1482 874 1515 G
888 1483 910 1522 i,
923 1485 976 1514 33.

274 1532 402 1564 Summa
430 1539 545 1566 rer-um,
576 1527 622 1565 id,
638 1527 727 1558 unde
760 1526 831 1566 jam
863 1526 977 1556 omnia

318 1572 470 1614 pendent
496 1571 523 1602 C
555 1570 578 1608 i,
610 1573 662 1601 21.
711 1569 787 1600 Hoc
817 1567 897 1608 qnid
922 1568 977 1605 sit,

315 1614 456 1653 singuiis
481 1613 513 1643 iu
540 1613 622 1642 locis
651 1610 882 1641 definiendum
912 1614 977 1641 est.

316 1657 383 1689 Sed
400 1656 427 1688 C
443 1656 490 1693 iii,
509 1659 560 1685 51.
585 1660 650 1693 est,
665 1656 719 1684 aas
733 1653 850 1683 Ganze.
889 1651 978 1683 Sum-

317 1710 367 1731 ma
393 1698 490 1728 totius
513 1697 595 1734 belli,
622 1695 782 1736 quicquid
807 1694 849 1724 ad
874 1694 978 1724 admi-

318 1740 531 1772 nistrandum
563 1739 688 1769 beilum
721 1736 872 1777 pertinet
896 1736 928 1767 G
954 1736 976 1774 i,

316 1787 369 1816 41.
393 1783 429 1821 ii,
445 1785 477 1813 4.
496 1781 576 1812 ibid.
591 1790 712 1821 synon.
731 1783 796 1815 est,
812 1779 977 1819 imperium

316 1827 413 1858 totius
436 1824 463 1856 b.
521 1823 647 1854 Summa
686 1822 852 1859 exercitus,
884 1826 977 1853 totus

317 1868 490 1901 exercitus
521 1867 552 1897 G
569 1866 615 1905 vi,
629 1868 682 1897 34.
726 1864 795 1896 Sed
824 1864 851 1895 C
880 1864 903 1902 i,
922 1867 975 1895 67.

318 1916 384 1945 est,
399 1912 454 1941 das
474 1910 558 1940 Heer
573 1909 615 1939 im
635 1908 776 1944 Ganzen,
791 1911 828 1937 ut
844 1906 926 1937 ibid.
945 1916 975 1938 c.

315 1946 380 1985 82.¹
412 1961 532 1983 summo.
556 1951 705 1989 victoriae,
742 1950 798 1980 der
829 1947 908 1988 Sieg
933 1949 977 1980 im

320 1997 460 2028 Ganzan.

274 2041 400 2072 Summe
420 2046 540 2078 cupere,
563 2033 857 2066 vehementissime
884 2033 911 2066 C
927 2033 976 2073 iii,

273 2125 418 2157 Summus
433 2131 528 2158 mons,
544 2129 705 2152 cacumen
721 2119 752 2150 G
770 2119 793 2157 i,
810 2122 864 2150 21.
896 2128 977 2150 sunz-

316 2177 368 2199 ma
393 2166 536 2197 voluntas
563 2161 833 2205 (benevoientia)
858 2162 891 2192 in
921 2161 978 2191 ali·

319 2208 454 2250 quemG
482 2207 505 2246 i,
524 2208 574 2237 19.
622 2205 688 2236 Sed
715 2206 742 2237 C
771 2205 818 2241 iii,
846 2207 897 2235 16.
922 2208 977 2235 est

316 2250 484 2284 acerrima
525 2248 709 2289 cupiditas.
753 2247 889 2278 Summoe
916 2257 976 2286 res,

317 2305 393 2336 quae
411 2293 489 2324 alibi
505 2297 558 2323 est
568 2300 699 2322 sumina
711 2300 822 2322 rerum
838 2290 904 2328 Gi,
920 2292 974 2322 3-1.

314 2346 442 2369 summae
463 2336 557 2375 copiae
580 2334 610 2364 G
627 2344 660 2372 v,
678 2336 729 2364 17.
775 2334 976 2365 numerosis-

315 2380 410 2411 sime.
429 2379 579 2410 Gronov.
602 2376 643 2407 ad
662 2377 734 2406 Liv.
754 2376 896 2415 xxxviii,
919 2379 974 2407 50.

317 2423 366 2454 sic
375 2421 542 2462 explicat:
557 2419 975 2458 omnisexercitus‚0mnes

317 2465 408 2496 vires
435 2463 606 2501 adunatae,
623 2462 670 2492 sic
697 2466 734 2492 ut
763 2471 892 2492 summa
920 2471 975 2493 res

317 2507 423 2539 semel
449 2511 582 2547 agatur.
628 2504 754 2536 Bellum
778 2514 928 2535 summum
943 2504 975 2536 G

318 2550 390 2590 viii,
404 2553 436 2581 6.
473 2547 719 2589 gravissimum,
730 2545 975 2579 difficillimum.

277 2593 442 2633 Superat-e,
469 2593 542 2623 sine
583 2593 734 2622 accusat.
769 2599 844 2621 esse
880 2599 976 2632 supe-

318 2636 455 2674 riorem,
472 2635 636 2666 victorem
647 2633 679 2664 G
697 2633 720 2671 i,
735 2635 788 2664 40.
811 2633 878 2664 vita
888 2643 976 2673 eupe-

317 2688 389 2708 rare
409 2676 602 2719 (aliquem),
622 2675 781 2708 iiberleben
803 2675 835 2708 G
860 2676 906 2718 vi,
925 2679 974 2708 19.

320 2719 404 2749 Tae.
419 2719 507 2751 Ann.
524 2720 546 2758 i,
563 2722 615 2751 17.

278 2761 493 2802 Superi-ilium,
510 2761 606 2792 collis
621 2760 679 2792 Af.
696 2764 749 2792 58.

914 197 1073 228 INDEX

1021 292 1170 332 Superior
1189 298 1278 331 mas,
1300 297 1469 332 senectus,
1494 294 1583 325 ultra
1599 293 1720 335 juven·

1063 340 1172 366 tutem
1190 346 1215 367 s.
1231 335 1410 368 militarem
1427 341 1563 367 :etatem
1579 347 1722 378 provec-

1064 382 1100 408 ta
1115 378 1142 409 C
1165 378 1202 416 ii,
1229 382 1260 409 5.
1304 379 1474 419 superiores
1498 378 1583 410 urbis
1605 383 1724 420 parces,

1063 420 1114 451 die
1139 420 1306 451 Oberseadt
1323 423 1350 453 C
1376 422 1424 459 iii,
1450 424 1519 454 112.
1563 423 1723 462 superiora

1063 463 1140 501 loca,
1165 463 1270 494 colles
1291 463 1322 494 G
1351 465 1372 501 i,
1399 467 1452 502 10,
1467 467 1520 495 23.
1545 463 1580 502 ii,
1595 466 1650 495 23.
1673 463 1728 501 iii,

1067 507 1097 536 3.
1122 504 1168 536 cf.
1186 505 1217 536 G
1234 507 1266 543 3,
1282 508 1313 536 2.
1339 507 1396 536 ubi
1420 511 1537 538 montes
1565 506 1724 538 diceban-

1069 552 1135 579 tur.
1160 547 1191 579 G
1210 548 1253 585 iv,
1269 550 1322 579 23.

1022 589 1228 631 Super-sedere
1249 591 1351 631 aliqua
1380 600 1427 627 re,
1455 600 1528 621 eam
1552 592 1726 631 omittere,

1065 634 1228 664 intactam
1246 634 1434 673 relinquere
1452 632 1482 664 G
1501 634 1535 668 ii,
1552 636 1572 665 8
1602 633 1724 665 Ama.

1024 674 1203 716 suppetere,
1228 676 1366 716 suppetit
1396 676 1494 716 copia,
1523 675 1564 706 ad
1588 685 1723 708 manum

1067 724 1131 755 est,
1149 724 1268 757 parata
1285 726 1335 749 es!
1355 718 1386 750 G
1404 718 1427 754 i,
1444 721 1475 750 3.

1024 758 1190 800 Suppetias
1213 761 1272 799 (ad
1289 770 1384 801 supp.
1403 760 1578 800 ferendas)
1600 761 1727 804 profici-

1066 803 1110 832 sci
1126 801 1182 832 Af.
1200 805 1251 833 25.
1295 812 1382 843 supp.
1397 805 1502 835 venire
1528 802 1587 835 As.
1604 808 1635 835 5.
1678 804 1726 835 ire

1072 845 1092 872 Α
1103 842 1126 874 f.
1142 846 1193 875 39.
1217 854 1374 876 occurrere
1392 845 1447 876 Af.
1464 848 1519 884 66,
1532 848 1584 877 68.

1024 885 1230 928 δηρρῐίυαίὶο,
1255 887 1327 918 dies
1344 887 1436 928 festi,
1455 890 1506 918 ve!
1531 887 1572 918 ad
1597 887 1726 928 gratias

1069 930 1146 960 Diis
1174 929 1333 970 agendas,
1350 930 1404 960 vel
1432 930 1473 961 ad
1502 939 1618 962 eorum
1644 930 1727 962 iram

1069 972 1289 1003 avertendam
1320 972 1412 1013 (Liv.
1439 975 1494 1005 22.
1515 972 1583 1013 1.);
1607 973 1728 1014 quibus

1069 1015 1186 1046 diebus
1213 1015 1322 1046 omnia
1349 1016 1451 1047 totius
1481 1016 1574 1047 urbis
1600 1017 1729 1057 templa

1069 1058 1175 1088 cuivis
1193 1063 1324 1098 patent,
1349 1058 1611 1099 numinibusque
1633 1067 1730 1090 sacra

1069 1102 1178 1174 0G1unis
1194 1101 1327 1141 generis
1353 1108 1386 1132 ei
1406 1101 1621 1133 lectisternia
1642 1100 1729 1132 fiunt

1119 1143 1153 1179 ii,
1168 1146 1220 1175 35.

1026 1184 1220 1226 Supplicium
1242 1187 1325 1227 pali,
1346 1186 1388 1217 de
1402 1186 1454 1225 iis,
1469 1186 1538 1227 qui,
1551 1185 1727 1217 deditione

1068 1228 1172 1265 facta,
1190 1230 1326 1259 nmltam
1352 1228 1498 1259 subeunt
1513 1229 1729 1269 ignominiam

1071 1271 1098 1302 C
1116 1270 1150 1309 ii,
1165 1273 1218 1302 30.
1264 1271 1381 1302 ultima
1405 1271 1538 1301 miseria
1564 1270 1662 1302 famis
1694 1277 1731 1302 et

1071 1313 1207 1353 inopiae,
1235 1323 1333 1354 quam
1359 1314 1432 1354 quis
1456 1314 1536 1352 lert,
1562 1318 1599 1344 et
1625 1314 1728 1346 iuter-

1072 1361 1228 1396 pretatur
1245 1365 1377 1396 poenam
1394 1366 1487 1387 suam
1505 1356 1534 1388 C
1551 1356 1572 1395 i,
1587 1358 1640 1388 84.
1678 1356 1730 1388 Ib.

1073 1402 1123 1429 est
1152 1399 1192 1430 ad
1218 1399 1359 1429 ultimum
1375 1399 1558 1439 supplicium
1570 1399 1730 1438 progredi,

1073 1450 1108 1471 se
1125 1441 1233 1481 ipsum
1248 1451 1318 1482 pra‘
1330 1441 1569 1481 desperatione
1580 1441 1730 1472 omnium

1072 1491 1184 1514 rerum
1202 1482 1407 1515 interficere.
1433 1482 1476 1513 cf.
1494 1483 1536 1513 ad
1554 1483 1581 1514 C
1595 1483 1618 1521 i,
1631 1486 1684 1514 81.

1027 1524 1229 1566 Supportare,
1248 1532 1433 1567 apportare
1450 1526 1480 1557 G
1499 1526 1522 1563 i,
1540 1527 1594 1564 39,
1607 1528 1662 1557 48.
1686 1524 1730 1558 cf.

1072 1568 1103 1599 G
1129 1569 1165 1605 ii,
1181 1572 1211 1598 5.
1238 1569 1293 1599 ubi
1308 1572 1435 1609 portare
1453 1570 1575 1608 posuit.

1028 1610 1228 1650 Supprimere
1244 1612 1316 1649 iter,
1329 1618 1478 1652 coeptum
1492 1611 1556 1642 iter
1569 1611 1728 1642 omittere

1072 1653 1099 1684 C
1116 1653 1137 1691 i,
1155 1656 1207 1684 66.
1250 1662 1355 1693 suppr.
1382 1655 1601 1694 imeqmutem,
1624 1654 1730 1694 repri-

1072 1704 1176 1733 mere,
1191 1696 1350 1726 remorari
1367 1696 1395 1727 C
1411 1696 1434 1733 i,
1450 1699 1503 1727 45.
1553 1695 1643 1727 unde
1657 1705 1729 1737 sup-

1069 1746 1203 1776 pressus,
1215 1738 1410 1779 impeditus,
1420 1739 1473 1770 cui
1490 1748 1582 1769 mora
1594 1738 1730 1780 objecta

1073 1785 1125 1810 est
1144 1780 1174 1810 G
1191 1780 1262 1819 viii,
1279 1783 1331 1818 42.

1027 1821 1222 1861 &stenem-e,
1250 1823 1412 1862 retinere,
1436 1823 1594 1855 cohibere
1624 1823 1730 1864 impe-

1072 1869 1144 1896 tum
1162 1865 1217 1896 Af.
1235 1868 1286 1896 82.
1332 1876 1358 1897 s.
1383 1865 1503 1906 bellum,
1526 1866 1729 1905 gravitatem

1072 1907 1144 1980 (ἃλις
1162 1913 1197 1939 et
1211 1906 1447 1941 difficultatem
1461 1909 1616 1950 perferre
1633 1918 1730 1950 posse

1121 1951 1156 1989 ii,
1174 1953 1225 1982 14.

1028 1991 1200 2031 Sustinere,
1216 1991 1371 2033 perferre
1389 1994 1420 2025 G
1438 1994 1483 2030 iv,
1510 1997 1560 2026 11.
1605 1993 1730 2026 durare

1071 2034 1099 2066 C
1113 2035 1134 2070 i,
1149 2038 1201 2066 71.
1225 2038 1301 2066 mat.
1316 2036 1463 2076 impetum
1480 2036 1510 2068 G
1531 2037 1554 2075 i,
1569 2038 1623 2068 24.
1648 2040 1729 2068 sust.

1071 2087 1193 2117 equum,
1210 2079 1358 2109 retinere
1374 2079 1404 2110 G
1432 2080 1476 2118 iv,
1501 2081 1553 2109 33.
1598 2082 1674 2115 sust.
1691 2088 1725 2110 se

1071 2129 1118 2152 sc.
1146 2125 1292 2151 stantum
1324 2126 1358 2151 et
1381 2127 1534 2152 erectum
1558 2121 1590 2154 G
1615 2121 1652 2159 ii,
1673 2124 1727 2154 26.

1066 2163 1169 2203 premi
1198 2162 1235 2193 ab
1264 2164 1360 2203 hoste,
1390 2168 1420 2195 et
1461 2174 1546 2204 oegre
1579 2164 1730 2196 sustinere

1065 2205 1175 2246 (eum)
1194 2206 1225 2237 G
1242 2206 1287 2241 iv,
1301 2208 1354 2237 32.
1377 2210 1453 2238 sust.
1467 2217 1497 2238 se
1509 2207 1547 2238 ab
1560 2207 1675 2247 aliquo,
1689 2216 1726 2238 se

1070 2248 1160 2278 tueri
1174 2247 1230 2280 Af.
1246 2252 1297 2279 72.
1310 2248 1392 2280 vires
1403 2251 1553 2281 sustinent
1564 2249 1729 2290 (iabores)

1072 2291 1099 2323 C
1113 2291 1134 2332 i,
1150 2294 1202 2324 71.
1218 2291 1260 2323 cf.
1279 2292 1504 2334 Oudendorp.
1518 2292 1562 2324 ad
1578 2291 1660 2334 Gji,
1672 2294 1725 2324 25.

1361 2421 1392 2452 T

1032 2503 1163 2536 Tabelloe
1178 2505 1312 2545 signatoe
1328 2505 1384 2537 Af.
1401 2509 1432 2538 3.

1030 2547 1155 2579 Tabula·
1174 2559 1262 2580 nouoe
1289 2549 1318 2582 C
1342 2549 1390 2588 iii,
1407 2553 1436 2582 1.
1479 2558 1537 2580 seu
1563 2557 1657 2579 πονε
1675 2557 1725 2578 ra-

1070 2590 1179 2622 tiones
1207 2592 1429 2632 pecuniarum
1465 2590 1655 2622 debitarum
1689 2595 1724 2621 et

1070 2633 1277 2665 creditarum
1316 2634 1411 2676 (neue'
1453 2632 1726 2671 Rechnungs-oder

1069 2675 1292 2717 Schulbiicher)
1312 2677 1389 2718 lege
1404 2674 1681 2713 conficiebantur,
1698 2676 1724 2706 si

1068 2718 1204 2759 quando
1230 2719 1315 2750 fides
1343 2717 1480 2758 publica
1507 2716 1575 2756 (der
1599 2717 1724 2757 Credit)

1068 2760 1260 2800 laboraret3
1283 2760 1522 2792 remittebatur
1542 2760 1631 2792 c-nim
1648 2761 1723 2801 lege
