1872 3104
579 206 619 234 υ.
652 204 689 234 J.
723 202 939 233 cssssmus
973 201 1104 231 V1TA.
1466 194 1578 234 1977

118 298 302 345 βάνεσθαι
320 300 558 337 παντάπασιν
577 298 644 335 ὑπὸ
664 305 726 335 τοῦ
747 298 880 335 πάθους
899 299 965 341 τὴν
985 298 1175 342 αἴσθησιν,
1209 294 1279 342 ἤδη
1307 298 1499 346 σειόμενον
1516 301 1570 334 εἷς

1487 359 1574 397 Τῶν

120 427 161 463 δὲ
193 427 427 475 πεφευγότων
460 425 499 461 ἑκ
533 431 590 468 τῆς
621 427 745 476 μάχης
778 426 961 463 ὑπατικῶν
994 427 1054 462 καὶ
1084 432 1336 474 στρατηγικῶν
1361 422 1517 470 ἀνδρῶν,
1540 424 1574 460 οἱ

120 377 201 400 τινα
222 369 293 399 τῶν
313 365 483 406 πλησίων
502 361 651 410 πύργων
670 363 902 411 κομισθῆναι,
918 363 978 397 καὶ
998 358 1203 409 διαγαγεῖν
1222 362 1263 399 ἑν
1281 363 1433 411 ἠσυχίᾳ.

118 492 188 539 μὲν
225 490 372 527 &um-mſs
410 488 622 540 διέφθειραν
660 492 915 542 ἁλισκόμενοι,
955 489 1112 543 συχνοῦς
1151 489 1190 528 δὲ
1223 490 1375 538 Καῖσαρ
1414 490 1573 525 ἔκτεινεν

129 555 318 590 ἁλόντας.5
365 566 369 570 ’

674 737 709 779 C
723 737 765 778 A
780 737 835 779 P.
886 737 1010 778 LIV.

116 847 216 886 Cato,
241 847 337 879 clade
363 847 529 889 Scipionis
555 854 747 889 comperta,
773 849 884 879 Uticae
914 847 978 878 sibi
1005 852 1149 878 mortem
1173 846 1350 888 conscivit,
1365 846 1499 878 Carsare
1518 847 1576 878 do-

156 901 260 932 lente.
308 901 393 933 Post
407 912 500 942 vero,
518 903 692 934 Ciceronis
718 901 913 933 laudatione
944 899 1084 931 Catonis
1101 899 1241 940 scripta,
1255 900 1371 931 Caesar
1387 901 1463 932 libri
1481 911 1577 941 argu-

156 958 271 986 mento
289 953 440 986 offensus
458 965 523 986 non
538 955 610 987 sine
625 956 676 986 ira
693 954 935 985 Anticatonem
952 953 1134 984 scribebat.

166 1042 328 1079 Κάτωνα
361 1040 402 1078 δὲ
433 1043 573 1091 λαβεῖν
604 1044 728 1083 ἓῶντα
765 1042 1079 1094 φιλοτιμούμενος,
1110 1041 1268 1079 ἔσπευδε
1299 1041 1386 1089 πρὸς
1418 1039 1573 1086 Ἰτύκην·

1493 1104 1575 1142 Πυ·

112 1171 264 1219 θόμενος
284 1169 327 1216 δ’,
353 1174 397 1207 ὡς
427 1172 559 1208 ἑαυτὸν
579 1173 597 1209 ὁ
618 1174 711 1221 ἀνὴρ
732 1170 983 1221 διεργάσαιτο,
1006 1170 1113 1216 δῆλος
1133 1170 1204 1220 μὲν
1223 1167 1269 1214 ἦν
1295 1168 1454 1219 δηχθεὶς,
1474 1169 1527 1219 ἐφ’
1546 1162 1576 1220 ᾦ

112 1107 259 1151 ἐκείνην
278 1109 350 1156 γὰρ
370 1108 666 1158 παραφυλάττων
687 1110 752 1152 τὴν
771 1109 896 1151 πόλιν,
918 1108 959 1143 οὐ
993 1110 1156 1157 μετέσχε
1185 1111 1246 1142 τοῦ
1279 1107 1436 1151 ἀγῶνος.

114 1232 154 1278 δ’,
176 1232 350 1279 ἄδηλον.ι
422 1234 517 1272 Εἷπε
550 1235 580 1272 δ’
611 1234 686 1272 οὖν·
721 1234 774 1272 ΤΩ
803 1236 954 1280 Κάτων,
986 1237 1105 1285 φθονῶ
1139 1248 1196 1270 σοι
1224 1237 1287 1270 τοῦ
1321 1233 1491 1269 θανάτου·
1515 1233 1576 1269 καὶ

114 1299 186 1345 γὰρ
207 1301 250 1334 σύ
263 1314 325 1347 μοι
345 1307 406 1343 τῆς
427 1300 631 1347 σωτηρίας’Β
651 1300 867 1350 ἐφθόνησας.
929 1298 978 1336 'O
996 1299 1067 1348 μὲν
1088 1295 1152 1335 οὖν
1171 1298 1266 1348 μετὰ
1285 1301 1401 1334 ταῦτα
1423 1297 1575 1347 γραφεὶς

111 1362 169 1398 ὑπ’
190 1363 302 1398 αὑτοῦ
322 1362 406 1409 πρὸς
427 1362 590 1399 Κάτωνα
612 1365 796 1400 τεθνεῶτα
827 1365 940 1410 λόγος
970 1365 1011 1398 οὺ
1039 1360 1137 1399 δοκεῖ
1167 1361 1288 1410 πρᾴως
1316 1362 1478 1411 ἔχοντος,
1500 1358 1574 1397 οὐδ’

111 1423 392 1470 εὐδιαλλάκτως,
429 1432 583 1476 σημεῖον
622 1424 735 1464 εἶναι.
810 1425 896 1463 Πῶς
934 1427 1006 1474 γὰρ
1045 1426 1094 1462 ἲιν
1133 1425 1306 1475 ἐφείσατο
1340 1425 1490 1467 ἐῶντος,
1521 1424 1572 1459 εἷς

111 1490 340 1534 ἀναίσθητον
360 1489 493 1539 ἐκχέας
513 1491 629 1540 ὀργὴν
648 1489 854 1534 roc-abram
886 1492 930 1542 τῇ
951 1487 992 1525 δὲ
1013 1488 1099 1537 πρὸς
1119 1488 1311 1536 Κικέρωνα
1331 1489 1389 1524 καὶ
1410 1487 1572 1536 Βροῦτον

112 1553 222 1589 αὑτοῦ
239 1553 252 1575 ³
286 1554 344 1590 καὶ
360 1556 504 1602 μυρίους
524 1555 660 1591 ἄλλους
679 1560 751 1591 τῶν
770 1554 1081 1602 πεπολεμηκότων
1100 1552 1279 1601 ἐπιεικείᾳ
1299 1555 1571 1602 τεκμαίρονται,

112 1616 252 1653 καὶτὸν
271 1617 388 1664 λόγον
409 1618 563 1662 ἐκεῖνον,
601 1620 664 1654 οὐκ
697 1619 735 1663 ἐξ
767 1618 986 1668 ἀπεχθείας,
1008 1617 1111 1653 ἀλλὰ
1143 1619 1352 1667 φιλοτιμίας
1371 1619 1571 1659 πολιτικῆς,

859 1681 1036 1730 ’Ἔγραψε
1056 1680 1222 1729 Κικέρων
1242 1681 1424 1729 ἐγκώμιον
1444 1680 1576 1716 Κάτω-

1511 1741 1571 1779 διὰ

112 1681 362 1730 συντετάχθαι
382 1679 444 1717 διὰ
465 1681 638 1727 τοιαύτην
658 1684 797 1719 αἰτίαν.

114 1759 186 1787 νος,
207 1744 326 1793 ὄνομα
358 1747 406 1795 τῷ
439 1746 540 1795 λόγῳ
561 1747 715 1796 θέμενος
748 1746 926 1783 Κάτωνα·
967 1746 1025 1782 καὶ
1055 1746 1209 1781 πολλοῖς
1241 1745 1260 1781 ὁ
1290 1746 1402 1792 λόγος
1435 1742 1479 1788 ἧν

113 1805 280 1853 σπουδῆς,
303 1811 348 1845 ὡς
367 1809 472 1854 εἰκὸς,
495 1808 560 1845 ὑπὸ
581 1814 642 1846 τοῦ
662 1808 871 1847 δεινοτάτου
890 1815 962 1846 τῶν
992 1809 1154 1858 ῥητόρων
1187 1809 1238 1844 εἷς
1269 1809 1336 1852 τὴν
1366 1810 1573 1853 καλλίστην

110 1875 354 1921 πεποιημένος
374 1873 565 1911 ὑπόθεσιν.
631 1873 738 1911 Τοῦτ’
758 1877 846 1919 ἠνία
864 1873 1059 1922 Καίσαρα,
1089 1874 1316 1921 κατηγορίαν
1337 1871 1448 1907 αὑτοῦ
1467 1874 1571 1920 νομί-

112 1935 225 1975 &cvra
251 1936 315 1973 τὸν
348 1944 412 1972 τοῦ
443 1938 653 1982 τεθνηκότος
685 1935 729 1974 δι’
763 1937 876 1974 αὐτὸν
896 1938 1065 1973 ἔπαινον.
1126 1935 1327 1983 ”Εγραψεν
1347 1932 1411 1971 οὖν
1430 1935 1573 1971 πολλάς

111 2014 212 2036 τινας
230 2001 320 2036 κατὰ
341 2005 402 2038 τοῦ
428 2000 605 2038 Κάτωνος
627 2004 750 2038 αἰτίας
771 2004 1014 2049 συναγαγών·
1049 1999 1088 2038 τὸ
1110 1997 1152 2036 δὲ
1169 1997 1328 2046 βιβλίον
1345 1998 1572 2036 Ἀντικάτων

113 2063 399 2111 ἔπι-γέγραπται.
455 2064 533 2102 Καὶ
553 2064 783 2104 σπουδαστὰς
803 2066 884 2116 ἔχει
904 2071 976 2103 τῶν
990 2065 1115 2112 λόγων
1131 2063 1298 2113 ἑκάτερος
1316 2061 1376 2100 διὰ
1391 2062 1572 2111 Καίσαρα

111 2127 169 2162 καὶ
188 2124 352 2163 Κάτωνα
365 2128 384 2148 ‘¹'
403 2127 576 2166 πολλοὺς.

770 2225 910 2258 NOTAE

156 2296 173 2323 5
197 2292 362 2335 Ἀλόντας]
377 2294 538 2327 Conferas
553 2296 610 2328 lib.
626 2296 667 2328 de
681 2298 722 2328 B.
735 2297 812 2330 Afr.

113 2354 142 2374 ο.
162 2347 227 2383 85.,
251 2350 286 2376 et
302 2346 429 2385 videas,
446 2347 525 2378 iram
543 2348 653 2388 potius
669 2349 812 2380 militum

111 2400 349 2426 veteranorum
387 2406 488 2436 quam
529 2398 672 2430 Caesaris
709 2399 812 2440 ipsius

113 2444 349 2476 crudelitatem
367 2447 593 2479 accusandam
609 2458 694 2480 esse.

156 2548 171 2576 l
195 2546 260 2585 Ἐφ’
277 2544 299 2585 ᾧ
315 2546 350 2584 δ’,
367 2545 496 2588 ἄδηλον]
520 2548 634 2580 Caesar
650 2549 789 2581 dolebat
803 2562 811 2588 ;

112 2596 170 2626 sed
186 2595 326 2627 dubium
343 2603 408 2636 est,
425 2603 535 2628 utrum
560 2598 649 2637 ideo,
675 2599 763 2640 quod
778 2599 811 2630 in

113 2647 277 2678 Catonem
293 2652 462 2678 mortuum
479 2648 538 2679 irae
554 2657 619 2679 nou
636 2649 812 2689 indulgere

113 2700 258 2736 poterat,
272 2706 325 2736 an,
341 2697 432 2738 quod
449 2707 537 2737 eum,
560 2699 587 2729 si
612 2698 688 2730 vivo
709 2699 811 2739 potiri

112 2745 289 2787 potuisset,
305 2747 492 2780 elementer
517 2753 725 2789 excepturus
739 2748 811 2781 fue-

868 2303 933 2330 rat.

911 2351 930 2380 2
953 2349 1012 2386 Τῆς
1027 2346 1192 2389 σωτηρίας]
1214 2346 1354 2378 Plenius
1368 2346 1570 2378 Plutarchus

867 2400 899 2431 in
915 2401 989 2432 Cat.
1004 2411 1034 2432 c.
1051 2403 1104 2432 72.
1120 2411 1127 2430 :
1152 2398 1203 2430 καὶ
1217 2399 1278 2439 γὰρ
1295 2398 1360 2436 ἐμοὶ
1374 2398 1413 2429 σὺ
1426 2400 1483 2435 τῆς
1498 2409 1571 2428 σαυ-

866 2452 922 2481 τοῦ
944 2450 1095 2491 σωτηρίας
1123 2449 1304 2490 ἐφθόνησας.
1353 2450 1407 2480 De
1429 2449 1569 2479 Catonis

867 2506 974 2532 morte
990 2501 1201 2541 potissimum
1219 2499 1376 2530 videatur
1389 2498 1482 2528 Plut.
1495 2498 1571 2529 Cat.

867 2560 896 2581 c.
911 2553 964 2581 67.
981 2560 1075 2591 seqq.
1122 2549 1269 2590 Appian.
1288 2558 1327 2579 11.
1345 2551 1398 2579 98.
1420 2551 1489 2589 99„
1511 2547 1569 2579 lib.

867 2599 910 2631 de
927 2601 967 2631 B.
985 2598 1058 2630 Afr.
1076 2610 1106 2630 c.
1122 2602 1174 2629 88.
1193 2599 1327 2639 aliique.

909 2652 927 2680 3
950 2649 1064 2690 Αὐτοῦ]
1109 2647 1270 2689 Καίσαρος.

908 2704 927 2732 4
951 2701 1011 2732 Διὰ
1025 2700 1166 2741 Καίσαρα
1181 2700 1231 2731 καὶ
1247 2699 1394 2742 Κάτωνα]
1436 2700 1570 2732 Utrius-

865 2761 931 2794 que
947 2752 1036 2784 enim
1051 2751 1130 2783 libri
1145 2755 1382 2793 argumentum
1409 2756 1508 2782 erant
1535 2756 1571 2783 et
