1872 3104
571 170 612 199 c.
643 169 681 199 J.
714 166 931 198 cAESAms
964 165 1097 196 νιτΑ.
1459 156 1571 199 1967

115 266 174 302 καὶ
204 264 263 302 ε’πὶ
293 267 360 310 τὴν
387 261 654 312 παρεμβολὴν;
695 258 908 297 ἀπεδύσατο
935 260 1006 308 μὲν
1024 261 1091 304 τὴν
1110 258 1320 305 ἐναγώνιον
1341 261 1399 295 καὶ
1422 275 1574 306 στρατη-

1457 323 1566 359 Ἀλλ’

113 389 214 429 οὗτος
231 392 301 439 μὲν
321 390 414 427 οἵαις
428 388 578 436 ὕστερον
593 390 624 407 ¹⁰
644 389 882 438 χρησάμενος
900 391 1040 438 τύχαις,
1056 387 1150 423 ὄπως
1169 402 1208 422 τε
1227 383 1413 434 παραδοὺς
1435 385 1569 422 ἑαυτὸν

116 331 223 376 γικξὴν
240 330 387 372 ἐσθῆτα,
414 329 586 376 φεύγοντι
608 323 649 361 δὲ
670 329 882 373 πρέπουσαν
912 321 1142 372 μεταλαβὼν
1174 322 1392 367 ὑπεξῆλθεν.

113 460 185 492 τοῖς
203 456 422 502 Αἰγυπτίοις
440 452 620 501 ἀνδράσιν
639 454 808 506 ἀνῃρέθη,
831 450 1016 502 δηλοῦμεν
1036 453 1077 488 ἐν
1096 455 1168 488 τοῖς
1187 451 1267 497 περὶ
1288 450 1428 487 ἐκείνου
1454 449 1571 498 γράμ-

112 532 241 566 μασιν.

645 739 680 781 C
695 739 737 781 A
752 739 804 781 P.
857 738 1035 781 XLVI.

109 855 251 888 Caesaris
280 858 422 899 dictum,
448 870 525 891 cum
551 861 666 891 hostes
692 860 723 891 in
752 861 909 901 Pompeii
937 859 1056 891 castris
1080 861 1268 899 prostratos
1284 856 1432 888 videret.
1479 857 1572 889 Caesi

152 914 231 940 sunt
257 919 299 941 ex
327 912 482 953 Pompeii
498 913 665 944 militibus
690 913 828 943 circiter
856 921 906 944 νι.
921 912 1036 942 millia.
1083 910 1231 942 Comitas
1255 909 1400 941 Caesaris
1429 908 1462 939 in
1489 918 1568 949 cap-

151 962 247 994 tivos.
1489 971 1496 975 .

159 1068 206 1107 ‘O
235 1068 275 1107 δὲ
304 1069 468 1119 Καῖσαρ,
490 1073 536 1108 ὡς
568 1071 608 1108 ἐν
641 1074 689 1122 τῷ
722 1074 857 1122 χάρακι
877 1074 938 1108 τοῦ
958 1068 1156 1119 Πομπηΐου
1175 1068 1387 1117 γενόμενος,
1418 1070 1498 1104 τούς
1527 1083 1566 1104 τε

107 1134 292 1183 κειμένους
322 1135 463 1182 νεκροὺς
492 1133 560 1180 ἤδη
593 1141 664 1172 τῶν
697 1138 889 1185 πολεμίων
921 1132 1010 1179 εἶδε,
1038 1135 1096 1170 καὶ
1130 1133 1210 1170 τοὺς
1240 1133 1566 1179 ἑπικτεινομένους,

107 1194 212 1234 εἶπεν
246 1199 317 1245 ἄρα
332 1201 343 1216 ¹
381 1199 567 1244 στενάξας·
596 1198 702 1235 Τοῦτ’
731 1197 1008 1243 ἐβουλήθησαν,
1030 1199 1082 1234 εἷς
1100 1198 1206 1233 τοῦτό
1225 1212 1272 1245 με
1292 1195 1459 1241 ἀνάγκης
1480 1195 1568 1238 ὑπη-

108 1261 284 1308 γάγοντο,
318 1262 410 1298 ἵναΖ
442 1261 554 1298 serios
584 1262 750 1310 Καῖσαρ,
781 1263 800 1298 ὁ
829 1265 1029 1312 μεγίστους
1055 1263 1240 1310 πολέμους
1260 1259 1502 1306 κατορθώσας,
1533 1258 1565 1294 εἶ

1131 1323 1263 1360 Ταῦτά
1283 1331 1370 1372 φησι
1388 1321 1570 1358 Πολλίων

104 1387 320 1424 Ἀσίννιος3
354 1390 399 1425 τὰ
429 1390 576 1438 ῥήματα
607 1389 809 1438 Ῥωμαϊστὶ
845 1390 916 1440 μὲν
954 1389 1259 1439 ἀναφθέγξασθαι
1293 1386 1357 1423 τὸν
1387 1384 1567 1432 Καίσαρα

1414 1447 1501 1485 Τῶν
1535 1446 1565 1484 δ’

104 1516 370 1552 ἀποθανόντων
389 1514 468 1553 τούς
487 1519 683 1553 πλείστους
703 1518 844 1554 οἰκέτας
863 1517 1055 1563 γενέσθαι,
1088 1516 1168 1562 περὶ
1188 1516 1254 1557 τὴν
1271 1511 1483 1558 κατάληψιν
1503 1514 1566 1548 τοῦ

1455 1573 1472 1594 4
1503 1589 1567 1611 πε·

108 1327 323 1373 προηκάμην
341 1326 386 1361 τὰ
408 1324 679 1375 στρατεύματα,
701 1326 769 1362 κᾶν
789 1324 1069 1369 κατεδικάσθην.

185 1452 192 1462 .
263 1451 272 1463 x
359 1452 365 1463 1
529 1452 536 1462 x
611 1453 618 1465 .
1100 1457 1115 1461 -

104 1466 203 1499 παρα
236 1467 300 1488 τον
326 1467 408 1488 τοτε
439 1467 577 1500 καιρον,
623 1453 828 1498 Ελληνιστὶ
860 1451 890 1489 δ’
923 1453 979 1489 ὑπ’
1005 1454 1117 1489 αὐτου
1136 1452 1359 1500 γεγράφθαι.

104 1578 265 1628 χάρακος
284 1581 560 1628 ἀναιρεθέντας·
592 1582 813 1629 στρατιώτας
845 1579 884 1617 δὲ
915 1581 966 1629 μὴ
997 1582 1150 1616 πλείους
1181 1578 1441 1626 ἑξακισχιλίων

107 1646 201 1678 σεῖν.
255 1641 342 1679 Τῶν
361 1640 400 1679 δὲ
421 1644 547 1682 πεέὧν
567 1650 638 1681 τῶν
657 1645 826 1680 ἁλόντων
847 1647 1014 1692 κατέμιξε
1034 1640 1114 1679 τούς
1133 1644 1327 1678 πλείστους
1358 1641 1376 1675 ὁ
1410 1639 1567 1686 Καῖσαρ

106 1706 155 1741 εἰς
188 1707 376 1755 τάγματα·
408 1708 561 1743 πολλοῖς
590 1705 630 1743 δὲ
659 1709 717 1743 καὶ
749 1714 821 1744 τῶν
856 1708 1047 1757 ἐπιφανῶν
1080 1703 1211 1741 ἄδειαν
1245 1701 1391 1740 ἔδωκεν·
1423 1700 1474 1739 ὦν
1504 1704 1566 1738 καὶ

761 1812 899 1844 NOTAE

148 1887 188 1916 10
224 1884 309 1916 Οἵαις
334 1885 475 1927 ὕστερον]
518 1886 574 1917 Sic
598 1886 686 1917 bene
711 1886 807 1917 dedit

104 1936 228 1968 Reiske
243 1946 286 1967 ex
301 1937 498 1978 conjectura
512 1947 573 1977 pro
587 1939 655 1968 ταῖς
670 1937 807 1976 ὕστερον.

103 1987 246 2018 Salanus
261 1988 415 2019 voluerat
442 1988 495 2018 vel
522 1987 596 2018 ἀλλ’
625 1987 710 2017 ὅσαις
736 1988 805 2018 sive

105 2035 221 2067 ὁποίαις
234 2036 290 2075 μὲν
303 2038 468 2068 vars—vel
485 2038 559 2068 ἀλλ’
573 2035 661 2068 οὗτος
683 2036 740 2075 μὲν
760 2036 808 2068 αἷς

104 2086 243 2127 ὕστερον.
304 2087 398 2118 Idem
427 2089 532 2119 etiam
563 2098 624 2128 pro
655 2090 807 2127 δηλοῦμεν

105 2137 212 2167 voluit
226 2136 415 2176 δηλώσομεν,
436 2138 514 2178 quia
530 2138 735 2169 Plutarchus
753 2150 806 2169 su-

105 2196 168 2227 pra
184 2186 281 2225 dixit,
307 2196 343 2217 se
367 2188 520 2227 Pompeii
543 2198 675 2229 quoque
700 2190 806 2221 vitam

104 2236 303 2276 scripturum.
371 2237 437 2268 Sed
474 2237 536 2268 hac
572 2239 805 2271 emendatione

106 2296 171 2317 non
188 2296 271 2327 opus
289 2292 340 2318 est
356 2298 364 2325 3
399 2297 546 2328 praesens
563 2298 653 2329 saepe
678 2299 739 2329 pro
755 2289 806 2320 fu-

106 2341 182 2367 turo
199 2336 388 2369 adhibetur.
435 2338 510 2368 Nec
526 2339 652 2369 accedo
666 2339 806 2370 Reiskio

106 2385 148 2417 ad
165 2385 309 2427 ἀνδράσιν
325 2388 462 2419 addenti
478 2388 636 2429 ἐπιόρκοις.

151 2489 166 2516 l
184 2486 277 2528 Ἄρα]
315 2488 455 2519 Reiskio
471 2489 652 2528 legendum
672 2489 808 2520 videtur

105 2535 185 2577 εὐρὺ,
209 2538 305 2568 lutum
323 2548 468 2577 gemens;
499 2543 533 2568 et
555 2539 655 2578 paulo
682 2544 772 2579 post,
789 2539 805 2569 ὁ

104 2587 176 2619 τοὺς
189 2587 366 2627 μεγίστους.

147 2641 169 2673 2,
183 2637 267 2681 Ἵνα]
311 2639 359 2670 Η.
375 2640 397 2670 l.
426 2644 478 2670 est
492 2639 557 2678 ubi,
584 2639 722 2670 Reiskio
738 2649 806 2669 nio-

106 2693 219 2722 neate.
275 2691 404 2724 Verte:
438 2690 492 2723 ubi
517 2690 587 2722 sive
612 2699 679 2721 cum
692 2700 748 2730 ego
766 2691 804 2721 C.

864 1888 971 1917 Coesar
988 1884 1076 1922 forte
1102 1883 1329 1921 condemnarer,
1348 1882 1375 1912 si
1398 1879 1569 1912 exercitum

860 1936 1056 1967 dimisissem.
1123 1932 1286 1964 Suetonio
1324 1936 1414 1963 teste
1452 1941 1482 1962 c.
1514 1934 1568 1963 30.

862 1986 978 2017 Caesar
1004 1984 1046 2016 ad
1073 1984 1212 2014 verbum
1243 1982 1332 2013 dixit
1360 1982 1455 2013 haec:
1496 1981 1568 2012 Hoc

859 2036 1042 2066 voluerunt.-
1075 2033 1174 2064 tantis
1188 2031 1276 2063 rebus
1291 2031 1390 2070 gestis
1407 2031 1442 2061 C.
1462 2031 1488 2061 C
1489 2040 1568 2060 oesar

859 2086 1077 2116 condemnatus
1114 2093 1218 2121 essem,
1254 2082 1317 2112 nisi
1353 2081 1390 2111 ab
1428 2081 1569 2111 exercitu

859 2135 1013 2165 auxilium
1044 2134 1203 2174 petissem.
1286 2132 1365 2162 Non
1407 2129 1569 2169 diffiteor,

860 2186 962 2216 verba
991 2184 1032 2215 εἷς
1051 2183 1145 2215 τοῦτό
1159 2196 1198 2221 με
1213 2181 1350 2221 ἀνάγκης
1365 2180 1567 2220 ὑπηγάγοντο

861 2242 1022 2276 suspecta
1052 2235 1131 2265 mihi
1163 2244 1249 2273 esse,
1279 2238 1317 2264 ut
1348 2233 1493 2273 glossam
1522 2231 1566 2262 ad

859 2287 942 2317 τοῦτ’
961 2285 1186 2322 ἐβουλήθησαν.

905 2339 923 2367 3
960 2334 1121 2376 Ἀσίννιος]
1167 2335 1224 2365 Sic
1254 2333 1462 2364 Plutarchus
1493 2331 1569 2362 aliis

862 2397 997 2428 quoque
1021 2387 1116 2417 locis..
1161 2385 1301 2416 Rectius
1327 2383 1490 2414 scribitur
1516 2391 1569 2413 su-

863 2447 925 2478 pra
940 2447 971 2468 c.
987 2441 1040 2468 32.
1054 2435 1196 2467 Ἀσίνιος.

904 2491 924 2518 4
938 2484 1188 2526 Ἐξακισχιλίων]
1206 2483 1301 2514 Idem
1318 2482 1458 2522 repetiit
1471 2480 1566 2511 Plut.

862 2537 896 2567 in
912 2537 1034 2577 Pomp.
1051 2546 1080 2566 c.
1098 2539 1150 2566 72.
1188 2534 1253 2565 Qui
1272 2533 1384 2573 plures
1402 2530 1566 2562 cecidisse

861 2588 1082 2627 scripserunt,
1099 2584 1262 2615 sociorum
1277 2590 1411 2623 quoque
1439 2585 1474 2611 et
1498 2589 1567 2610 ser·

859 2646 975 2667 vorum
991 2644 1167 2666 numerum
1182 2632 1343 2664 inierunt.
1400 2629 1454 2663 Cf.
1469 2629 1563 2673 App.

859 2696 900 2719 11.
917 2689 971 2719 82.
986 2690 1021 2717 et
1037 2686 1123 2718 Caes.
1140 2693 1198 2717 ιιι.
1213 2685 1267 2714 99.
