1872 3104
599 181 638 210 c.
669 179 705 209 J.
738 175 955 207 cAEsAmS
988 174 1120 204 vrrA.
1478 164 1592 207 1955

136 277 302 326 Καίσαρι
320 276 565 328 χαριὲόμενος
578 274 767 310 ἀντεῖπεν.
815 269 984 318 Αἷρεθεὶς
1004 269 1044 306 δὲ
1065 267 1238 316 δικτάτωρ
1257 266 1327 305 ὑπὸ
1348 275 1407 312 τῆς
1421 267 1587 314 βουλῆς,ι

136 340 333 390 ‹pwyritssas²
363 355 402 376 τε
433 339 636 384 κατήγαγε,
659 337 717 372 καὶ
737 341 808 372 τῶν
829 336 889 371 ἐπὶ
908 333 1036 370 Σύλλα
1071 331 1384 383 δυστυχησάντων
1410 331 1489 369 τοὺς
1509 339 1592 369 παῖ-

137 404 202 442 ὃας
216 406 227 428 ³
249 405 433 451 ἐπιτίμους
453 403 618 446 ἐποίησε,
636 401 694 437 καὶ
711 401 934 449 σεισαχθείᾳ
949 399 1017 435 τινὶ
1031 396 1049 418 4
1066 398 1180 434 τόκων
1195 396 1366 446 ε’κοὺψιὲε
1381 394 1460 432 τούς
1475 412 1592 446 χρεω-

135 470 318 518 φειλέτας·
348 467 476 502 ἄλλων
496 480 535 502 τε
555 464 728 501 τοιούτων
760 462 882 510 ἥψατο
911 464 1202 509 πολιτευμάτων,
1225 461 1266 496 οὐ
1286 461 1466 495 πολλῶνς
1508 461 1594 496 ἀλλ’

136 532 177 567 ἐν
195 532 345 580 ἡμέραις
364 527 493 565 ἕνδεκα
512 532 578 572 τὴν
592 529 663 577 μὲν
682 530 895 577 μοναρχίαν
921 525 1186 575 ἀπειπάμενος,
1204 523 1341 561 ὕπατον
1357 523 1385 561 δ’
1399 521 1595 569 ἀναδείξας

136 590 296 630 ἑαυτὸνὅ
314 594 371 629 καὶ
388 591 602 640 Σερουΐλιον
620 590 837 638 Ἰσαυρικὸν,
858 590 982 640 ε’ἱχετο
1002 595 1061 632 τῆς
1082 592 1287 638 στρατείας.
1344 587 1420 624 Καὶ
1440 590 1503 624 τὰς
1522 587 1595 636 μὲν

135 658 256 694 ἄλλας
293 654 464 705 δυνάμεις
501 658 579 693 καθ’
615 654 702 693 ὁδὸν
735 655 990 702 ἐπειγόμενος,
1029 654 1232 701 παρῆλθεν,
1273 652 1393 688 ἱππεῖς
1429 649 1458 687 δ’
1496 651 1595 701 ἔχων

133 720 300 768 λογάδας
331 722 550 766 ἑξακοσίους,
585 721 643 756 καὶ
674 722 783 756 πέντε
812 718 1020 766 τάγμ(ιτα,7
1042 722 1222 766 χειμῶνος
1242 716 1283 751 ἐν
1304 719 1454 763 τροπαῖς
1477 714 1593 758 ὄντος,

136 784 337 834 ἱσταμένου
365 783 590 832 Ἰανουαρίου
622 783 746 833 μηνὸς,
779 780 894 829 (οὗτος
925 780 952 819 δ’
986 782 1034 817 ἂν
1055 781 1113 824 ε’ίη
1133 777 1346 815 Ποσειδεὼν
1365 777 1598 823 Ἀθηναίοις)

135 849 274 898 ἀφῆκεν
293 850 343 885 εἷς
362 848 402 885 τὸ
423 851 601 894 πέλαγος·
631 848 689 883 καὶ
710 844 906 893 διαβαλὼν
925 844 988 881 τὸν
1007 840 1304 889 Ἱόνιον,”Ωρικον
1324 842 1381 877 καὶ
1401 840 1597 877 Ἀπολλω-

135 912 246 948 νίαν8
278 912 386 961 αἱρεῖ,
416 914 461 947 τὰ
489 909 529 947 δὲ
559 913 673 947 πλοῖα
706 913 822 946 πάλιν
855 907 1079 957 ἀπέπεμψεν
1110 907 1162 943 εἰς
1193 905 1418 953 Βρεντὴσιον
1436 905 1495 940 ἐπὶ
1515 904 1596 940 τοὺς

135 975 424 1023 ὑστερίσαντας9
444 976 486 1027 τῇ
511 976 641 1022 πορείᾳ
667 972 900 1022 στρατιώτας.
954 969 1005 1008 Οἱ
1027 968 1056 1006 δ’
1076 970 1164 1022 ἄχρι
1189 970 1261 1020 μὲν
1281 969 1359 1005 καθ’
1379 966 1464 1005 ὁδὸν
1484 965 1593 1013 ἦσαν,

802 1089 942 1122 NOTAE

181 1167 196 1195 1
236 1164 411 1206 Δικτάτωρ]
449 1166 610 1198 Dictator
640 1167 753 1199 dietus
785 1171 838 1198 est

138 1213 253 1245 Caesar
283 1226 302 1246 a
329 1216 377 1246 M.
407 1217 536 1257 Lepido
565 1222 724 1258 praetore,
746 1222 840 1248 ante-

137 1273 239 1304 quam
256 1265 395 1297 Romam
420 1267 576 1306 redisset,
599 1269 777 1308 legemque
795 1268 841 1298 la-

136 1318 206 1345 tam
229 1316 404 1355 cognoscit
419 1316 594 1355 Narbone,
607 1326 648 1346 ex
666 1317 840 1358 Hispaniis

137 1365 254 1396 redux.
300 1366 388 1397 Caes.
413 1366 454 1397 de
484 1367 525 1396 B.
555 1367 592 1397 C.
611 1376 651 1398 11.
674 1370 727 1398 21.
774 1367 840 1397 Dio

138 1414 231 1447 Cass.
249 1416 271 1445 l.
288 1417 341 1446 41.
367 1426 400 1455 p.
431 1419 503 1446 191.
551 1417 630 1447 Non
655 1417 764 1447 lectus
789 1421 841 1447 est

137 1463 288 1496 dictator
301 1463 358 1494 ὑπὸ
373 1466 428 1502 τῆς
441 1467 570 1505 βουλῆς,
584 1467 642 1497 sed
661 1471 697 1498 ut
711 1467 839 1497 diserte

137 1513 207 1545 Dio
223 1514 310 1546 dixit
324 1515 407 1556 παρὰ
418 1516 458 1547 τὰ
468 1515 593 1557 πάτρια,
606 1521 714 1548 contra
728 1527 840 1548 morem

133 1566 286 1607 putrium,
298 1577 316 1597 a
325 1568 424 1608 plebe
438 1572 472 1599 et
484 1574 645 1609 praetore,
656 1578 754 1609 quem
767 1569 839 1609 ipse

137 1616 215 1646 urbi
243 1616 460 1658 praefecerat,
485 1618 554 1648 οὔτε
581 1631 612 1649 τι
636 1620 692 1655 τῆς
721 1620 839 1655 βουλῆς

137 1666 358 1707 Ψηφιζομένης,
384 1672 423 1699 ut
449 1674 563 1699 monet
589 1669 681 1710 App.
705 1678 747 1701 11.
770 1673 838 1709 43„

139 1718 210 1750 οὔτε
233 1720 542 1758 προχειροτονοῦντος
564 1719 728 1760 ἄρχοντος,
750 1720 782 1751 h.
808 1729 839 1750 e.

137 1769 296 1799 consulis.

181 1821 201 1849 2
239 1817 394 1859 Φυγάδας]
432 1821 587 1860 Excepto
617 1820 759 1859 Milone,
787 1820 842 1861 qui

140 1869 292 1901 Clodium
310 1870 545 1902 interfecerat.

183 1922 201 1950 3
224 1919 300 1951 Τοὺς
315 1921 438 1961 παῖδας]
465 1923 541 1954 Qua
557 1922 600 1952 de
627 1931 662 1951 re
686 1931 749 1951 nec
774 1921 842 1954 Dio

138 1971 162 2002 l.
179 1974 230 2002 41.
247 1981 309 2003 nec
327 1972 504 2013 Appianus
519 1981 557 2002 11.
574 1975 627 2004 48.
648 1981 711 2001 nec
728 1972 843 2001 Caesar

138 2021 212 2064 ipse
234 2022 292 2053 lib.
312 2032 366 2053 111.
385 2026 413 2054 l.
430 2022 635 2053 mentionem
662 2021 841 2059 fecerunt;

142 2071 209 2102 alia
234 2073 402 2112 quaedam,
429 2083 447 2103 a
470 2072 659 2106 Plutarcho
673 2073 844 2113 neglecta,

140 2128 455 2154 commemorantes.

185 2173 205 2201 4
229 2170 413 2212 Σεισαχθεῖᾳ
438 2171 513 2212 τινὶ]
539 2173 616 2204 Non
643 2173 713 2204 sine
740 2182 843 2207 eausa

143 2220 281 2262 adjecta
296 2227 347 2252 est
363 2232 427 2252 vox
443 2222 514 2253 τινί.
549 2224 663 2254 Ca‘sar
676 2224 764 2254 enim
778 2233 843 2254 non

143 2272 310 2312 permisit,
326 2277 363 2302 ut
377 2272 551 2304 debitores
575 2274 736 2306 minorem
756 2285 842 2305 sum-

141 2331 242 2361 mam,
269 2333 367 2362 quam
393 2328 549 2363 quantam
577 2329 693 2356 mutuo
718 2334 843 2355 sumse-

143 2376 232 2412 rant,
244 2373 434 2411 solverent;
460 2374 549 2413 quod
566 2375 592 2404 si
608 2375 680 2414 lege
690 2375 845 2418 jubetur,

144 2423 277 2454 Graecis
293 2423 474 2462 σεισαχθεία
498 2429 562 2463 est,
584 2426 742 2455 Romanis
759 2426 845 2457 tabu-

143 2475 182 2507 1ae
217 2484 312 2504 norw.
358 2473 425 2505 Sed
460 2475 632 2514 constituit,
665 2478 700 2508 vt
733 2475 846 2507 arbitri

142 2525 309 2559 dormtum
344 2534 400 2564 per
423 2535 472 2554 eos
487 2525 605 2565 fierent
628 2526 848 2557 ‹estinmtiones

139 2575 359 2615 possessionum
400 2578 428 2604 et
460 2585 560 2606 rernm
589 2575 844 2615 (oppignerata-

144 2623 234 2664 rum)
249 2625 354 2664 quanti
370 2635 496 2665 qumque
511 2626 632 2656 illarum
650 2629 722 2656 mile
737 2625 845 2655 bellum

135 2673 287 2715 fuissent,
309 2678 400 2719 utque
424 2685 466 2705 ece
490 2675 693 2706 creditoribus
708 2677 846 2706 transde-

144 2727 263 2756 rentur.
308 2725 395 2757 Caes.
418 2724 461 2756 de
487 2726 529 2757 B.
556 2725 594 2757 C.
619 2735 674 2756 111.
703 2729 747 2766 1.,
768 2735 846 2757 cum

893 1175 958 1207 quo
976 1164 1020 1196 ef.
1036 1159 1104 1195 Dio
1119 1167 1154 1194 et
1169 1162 1347 1203 Appianus
1364 1162 1386 1192 l.
1401 1162 1425 1191 l.

936 1221 954 1247 5
979 1216 1024 1248 Οὐ
1046 1215 1189 1255 πολλῶν]
1214 1215 1290 1245 Non
1308 1224 1391 1253 opus
1407 1215 1469 1252 est,
1492 1216 1529 1243 ut
1554 1211 1596 1242 ad

893 1267 1100 1299 sententiam
1119 1265 1325 1296 reddendam
1339 1265 1526 1304 pleniorem
1541 1262 1598 1293 ali-

894 1318 973 1359 quid
1000 1317 1157 1348 addatur.
1202 1314 1358 1347 Perfecit
1383 1319 1453 1344 tum
1483 1313 1600 1344 Caesar

894 1378 953 1398 non
979 1369 1088 1407 multa,
1112 1366 1188 1397 ideo
1205 1365 1294 1406 quod
1314 1367 1385 1405 post
1408 1363 1599 1394 undecimam

893 1419 975 1449 diem
998 1419 1155 1448 dictatura
1174 1426 1205 1446 se
1228 1415 1400 1446 abdicavit.-
1428 1411 1598 1452 μοναρχίαν

894 1469 925 1499 h.
943 1479 973 1499 e.
991 1468 1049 1504 τὴν
1061 1465 1234 1505 λεγομένην
1249 1463 1460 1504 δικτατωρίαν.

936 1522 956 1549 6
971 1516 1113 1557 Ἑαυτὸν]
1132 1519 1215 1547 Erat
1231 1516 1382 1546 decimus
1399 1524 1504 1547 annus
1520 1516 1599 1555 post

893 1569 1037 1610 primum
1055 1569 1279 1599 consulatum.

936 1623 954 1651 7
980 1619 1039 1649 Καὶ
1054 1617 1146 1650 πέντε
1157 1616 1320 1656 τάγματα]
1345 1616 1429 1646 Cum
1446 1624 1478 1644 v.
1494 1614 1600 1654 legio-

892 1670 990 1701 nibus
1015 1674 1050 1700 et
1076 1678 1132 1700 nc.
1148 1668 1318 1709 equitibus
1343 1667 1459 1697 Caesar
1485 1665 1600 1695 statim

896 1727 974 1761 post
987 1720 1173 1753 orationem
1185 1717 1406 1749 hortatoriam
1419 1716 1461 1746 ad
1475 1716 1600 1746 milites

898 1772 930 1802 in
947 1781 1048 1801 naves
1065 1769 1274 1801 conscendit.
1304 1768 1389 1798 Cum
1406 1776 1484 1796 vero
1504 1774 1602 1805 prop-

897 1827 950 1853 ter
966 1826 1103 1851 ventum
1128 1819 1306 1850 adversum
1322 1827 1388 1848 non
1407 1816 1519 1847 statim
1537 1815 1601 1845 sol-

896 1882 977 1903 vere
1010 1874 1138 1912 posset,
1168 1869 1251 1899 duas
1289 1867 1399 1897 adhue
1438 1865 1601 1904 legiones,

897 1931 971 1962 quae
987 1920 1121 1951 iuterim
1145 1919 1368 1956 advenerant,
1383 1917 1416 1946 in
1432 1924 1535 1945 naves
1551 1924 1602 1945 re-

896 1970 1000 2010 cepit.
1046 1969 1135 2008 App.
1152 1977 1176 2000 1.
1194 1971 1246 1999 57.
1290 1966 1344 1997 Sic
1371 1966 1484 1996 Caesar
1501 1964 1603 2005 pridie

895 2030 991 2051 nonas
1018 2019 1190 2054 ιῘιιηιιιινὶιις
1218 2027 1307 2049 nares
1331 2017 1434 2054 solvit,
1451 2015 1604 2056 impositis

895 2070 1066 2111 legionibus
1100 2073 1224 2109 septem.
1287 2067 1448 2098 Postridie
1485 2070 1602 2097 terram

896 2121 1007 2160 attigit
1033 2120 1267 2151 Cerauniorum.
1315 2119 1402 2149 cans.
1428 2118 1470 2148 de
1498 2118 1539 2148 B.
1563 2116 1602 2150 C.

896 2181 955 2204 111.
977 2175 1008 2203 6.
1053 2172 1105 2201 Ex
1131 2180 1197 2211 quo
1221 2171 1295 2200 loeo
1323 2169 1428 2206 vides,
1455 2167 1604 2207 χειμῶνος

896 2223 1011 2263 τροπὰς
1037 2232 1103 2253 non
1132 2221 1174 2252 de
1205 2221 1279 2260 ipsa
1308 2220 1425 2250 bruma
1463 2218 1523 2249 sed
1559 2217 1603 2250 de

898 2272 1060 2313 proximis
1091 2272 1209 2302 diebus
1240 2270 1480 2310 intelligendas
1516 2278 1603 2300 esse.

897 2325 953 2355 De
971 2324 1092 2361 Fastis,
1110 2332 1128 2353 a
1144 2332 1224 2353 vero
1240 2328 1393 2362 tempore
1408 2322 1508 2361 longe
1532 2324 1603 2350 tum

898 2374 1113 2412 abeuntibus,
1130 2373 1206 2403 vide
1220 2371 1309 2402 infra
1326 2382 1353 2404 c,
1371 2375 1422 2402 59.

943 2429 962 2456 8
979 2425 1049 2465 Ὠρ.
1065 2424 1115 2455 καὶ
1131 2423 1279 2464 Ἀπολλ.]
1304 2421 1454 2463 Illyridis
1469 2420 1601 2450 Graecae

899 2476 1036 2516 oppida.

942 2529 962 2557 9
987 2524 1055 2555 Ἐπὶ
1079 2536 1110 2555 τ.
1138 2523 1256 2562 ὑστερ.]
1285 2523 1440 2561 Namque
1467 2528 1532 2550 xn.
1560 2519 1606 2555 le-

900 2576 1017 2614 giones
1045 2585 1121 2605 cum
1149 2574 1238 2603 omni
1266 2572 1421 2612 equitatu
1446 2570 1604 2601 Brundu-

900 2626 983 2655 sium
1016 2624 1197 2654 convenire
1227 2623 1391 2663 jusserat.
1436 2620 1530 2661 Spem
1557 2622 1606 2655 tot

900 2676 1030 2706 millium
1065 2674 1282 2704 vincendorum.
1323 2672 1516 2712 abjicientes,
1554 2680 1604 2711 ξε,

901 2731 1044 2768 propter
1061 2729 1211 2757 aetatem.
