1872 3104
623 205 685 235 ΒΕ
717 205 758 235 G·
789 202 935 234 JULlo
967 202 1185 233 CAESARE.
1487 195 1605 238 2029

143 300 360 345 combusta,
381 305 419 337 et
450 297 573 335 vioina
591 296 628 333 in
657 297 826 345 Serapeo
854 294 1104 339 bibliotheca,
1126 306 1213 345 quae
1232 295 1456 334 continebat
1485 299 1603 338 serme

144 366 380 415 septingenta
407 361 527 408 (Gell.
553 370 614 397 vl.
642 362 720 406 17.)
753 359 992 396 voluminum
1023 359 1152 403 millia,
1187 359 1491 398 inaestimabilem
1524 364 1604 400 the-

143 441 308 472 saurum,
331 426 625 463 Ptolemaeorum
643 424 779 474 vigiliis
800 436 867 474 per
881 423 1068 461 ducentos
1083 430 1121 460 et
1140 423 1306 473 amplius
1326 436 1444 461 anuos
1464 424 1605 462 collec-

141 497 238 529 tum.
294 491 346 526 At
367 494 408 525 ut
429 487 538 526 sileat
559 487 701 531 Caesar,
728 500 805 524 non
833 487 946 524 silent
977 487 1222 532 Plutarchus,
1246 487 1336 533 Dio,
1364 488 1605 534 Ammianus,

142 555 218 592 alii.
276 552 380 597 Quid
401 552 506 602 quod
529 552 565 589 in
587 552 701 589 rebus
733 552 808 589 suis
842 565 916 589 non
946 551 1035 588 satis
1067 552 1258 589 interdum
1278 552 1428 590 veritati
1459 552 1608 591 litaret?

143 619 240 656 Sane
259 616 351 653 satis
377 623 543 660 constat,
574 617 618 654 L.
641 616 840 653 Caecilium
865 616 1066 653 Metellum
1089 616 1260 654 sanctius
1281 617 1470 662 aerarium,
1491 616 1604 667 cujus

140 680 266 719 claves
295 680 533 717 abstulerant
565 681 766 726 Consules,
807 681 897 718 sella
924 680 1124 718 tribunitia
1157 681 1352 730 opposita,
1381 679 1601 718 defendisse

139 743 323 782 adversus
360 746 574 787 Caesarem;
627 745 728 782 hunc
767 752 893 782 autem
931 752 1132 795 tantopere
1177 745 1451 782 comminatum
1488 744 1603 783 fuisse

140 807 313 852 Metelle,
331 814 371 845 ut
394 808 486 845 urbe
508 807 679 858 fugeret:
720 816 806 858 post
826 809 900 854 illa,
917 808 1087 847 effractis
1108 808 1269 853 foribus,
1291 808 1493 846 abstulisse
1514 809 1598 846 the·

140 883 270 909 sauros
297 882 438 915 sacros,
461 872 526 922 qui
547 879 635 922 post
656 873 787 910 urbem
807 886 830 910 a
848 873 972 910 Gallis
993 878 1146 922 captam
1179 872 1264 908 istic
1286 871 1452 921 depositi
1478 878 1599 918 erant,

138 935 323 985 atque-ad
345 943 515 974 extrema
535 936 700 973 civitatis
715 936 885 985 pericula
903 935 1211 973 reservabantur.
1270 936 1368 973 Sane
1398 935 1446 973 de
1470 935 1603 973 clauso

140 998 411 1049 persi-actoque
439 998 573 1037 aerario
603 999 695 1036 clari
724 1005 839 1036 testes
870 998 1023 1036 Tullius
1054 998 1103 1036 ad
1133 999 1253 1036 Attic.
1277 1009 1358 1036 vn.
1388 1004 1448 1038 12.
1471 1006 1510 1036 et
1536 1003 1595 1037 15.

140 1062 322 1101 Lucanus
345 1074 414 1100 111.
451 1068 537 1100 115.
570 1062 702 1101 Florus
740 1074 799 1100 1v.
823 1069 882 1108 23
914 1076 934 1100 e
963 1063 1115 1101 Graecis
1146 1062 1238 1107 Dio,
1261 1062 1500 1107 Plutarchus,
1522 1065 1603 1114 Ap·

139 1126 290 1176 pianus.
348 1129 399 1164 At
431 1126 513 1176 ipse
544 1127 578 1163 in
609 1127 892 1164 commentariis
921 1126 1004 1174 (lib.
1029 1138 1058 1164 1.
1084 1127 1132 1164 de
1164 1127 1264 1164 bello
1293 1127 1422 1174 Civili)
1451 1127 1600 1171 scribit,

141 1189 347 1228 Lentulum
381 1204 402 1227 a
440 1190 680 1240 Pompeianis
720 1191 900 1228 habuisse
938 1191 976 1227 in
1013 1191 1206 1235 mandato,
1248 1197 1289 1228 ut
1322 1192 1520 1241 pecuniam
1552 1204 1599 1228 ex

141 1254 271 1291 mrario
292 1268 442 1291 omnem
463 1254 650 1304 Pompeio
683 1255 852 1291 mitteret
882 1255 918 1291 in
942 1253 1031 1291 belli
1049 1267 1159 1292 usum
1178 1267 1186 1291 z
1227 1254 1293 1291 sed
1315 1267 1403 1291 cum
1431 1256 1602 1299 nuntius,

140 1330 361 1368 quanquam
383 1331 503 1355 vanus
531 1318 605 1362 ille,
627 1320 674 1356 ad
696 1332 805 1356 aures
826 1319 1054 1368 pertigisset,
1075 1319 1236 1357 Caesaris
1265 1319 1402 1356 milites
1418 1319 1502 1368 jam
1523 1331 1605 1356 esse

140 1382 177 1418 in
200 1382 308 1426 urbe,
330 1382 420 1432 suga
441 1382 512 1419 sibi
534 1383 816 1432 quamprimum
840 1381 1092 1427 cousuluisse,
1124 1395 1168 1419 ac
1191 1396 1270 1433 prae
1302 1390 1406 1420 metu
1428 1382 1604 1419 aerarium

141 1445 340 1494 reliquisse
361 1452 551 1495 apertum.
611 1447 677 1482 vir
697 1446 869 1483 eruditus
892 1446 1092 1497 Philippus
1115 1446 1312 1484 Rubenius
1338 1447 1460 1484 Elect.
1484 1458 1513 1484 1.
1537 1453 1603 1486 24.

140 1521 296 1558 operam
327 1508 398 1545 sibi
433 1508 599 1546 (laudam
620 1510 786 1559 putavit,
820 1523 866 1546 ne
898 1509 1029 1547 Caesar
1059 1523 1148 1547 cum
1185 1510 1320 1548 ceteris
1349 1511 1605 1560 scriptoribus

140 1580 340 1623 pugnaret.
388 1574 532 1624 ·ltaque
553 1574 620 1611 ubi
640 1574 754 1624 vulgo
784 1574 925 1624 legitur
944 1579 1092 1624 aperto,
1125 1574 1264 1612 inserta
1293 1574 1495 1625 negatione
1517 1575 1608 1624 legit

141 1649 218 1673 non
247 1642 395 1686 aperto.
454 1639 605 1687 Nempe
645 1638 747 1675 hunc
781 1639 818 1675 in
852 1638 1030 1675 modum:
1075 1643 1083 1657 ‘
1107 1637 1259 1681 Quibus
1298 1639 1411 1676 rebus
1445 1639 1608 1676 Romam

141 1701 339 1745 nuntiatis,
362 1709 490 1738 tantus
519 1708 675 1751 repente
697 1708 817 1738 terror
835 1701 985 1745 invasit,
1015 1708 1055 1738 ut
1085 1714 1173 1738 cum
1196 1702 1380 1738 Lentulus
1401 1702 1537 1739 consul
1557 1701 1604 1739 ad

142 1764 389 1814 aperiendum
421 1765 593 1802 aerarium
622 1766 796 1806 venisset.
818 1765 864 1802 ad
887 1765 1090 1815 pecuniam
1111 1765 1298 1814 Pompeio
1323 1779 1369 1802 ex
1390 1766 1429 1802 S.
1453 1765 1498 1802 C.
1521 1779 1608 1815 pro-

141 1828 350 1873 ferendam,
373 1829 548 1879 protinus
569 1843 644 1867 nou
667 1837 802 1880 aperto
823 1830 1016 1866 sanctiore
1030 1829 1163 1866 aerario
1185 1842 1231 1866 ex
1251 1830 1342 1866 urbe
1360 1828 1610 1879 profugeret.'

143 1891 217 1930 Sed
246 1892 424 1942 profecto
445 1893 643 1942 sequentia
663 1893 856 1930 refellunt.
913 1893 1016 1930 Nam
1039 1893 1128 1942 quia
1149 1893 1283 1930 mirum
1303 1900 1454 1942 poterat
1473 1893 1605 1938 videri,

143 1955 250 2005 quod
294 1956 530 2005 relinqueret
576 1964 754 2006 apertum
799 1956 974 1993 aerarium
1013 1956 1253 2006 profugiens,
1292 1969 1338 1993 eo
1379 1957 1606 2007 subjungit:

145 2025 155 2039 ‘
177 2019 308 2056 Caesar
341 2019 442 2056 euim
479 2019 698 2064 adventare,
724 2019 810 2069 jam
842 2018 1006 2070 jamque
1042 2019 1176 2057 adesse
1212 2020 1296 2070 ejus
1330 2020 1478 2071 equites
1511 2021 1608 2059 falso

143 2082 445 2120 nuntiabantur.’
502 2085 550 2122 Et
571 2097 660 2122 sane
681 2085 752 2121 alia
768 2097 938 2134 quoque,
954 2097 1042 2134 quae
1063 2097 1139 2121 non
1159 2086 1283 2122 minus
1303 2085 1446 2122 abeant
1461 2097 1483 2121 a
1503 2098 1606 2131 vero,

144 2146 318 2196 reperiet,
352 2147 526 2195 quicum
548 2148 711 2185 Caesaris
741 2149 1026 2185 commentariis
1055 2148 1261 2186 contulerit
1289 2149 1540 2186 Plutarchum
1570 2149 1608 2186 in

145 2210 332 2259 Pompeio
361 2217 399 2247 et
420 2212 599 2254 Caesare;
637 2213 729 2249 item
750 2214 930 2257 Dionem,
952 2214 1189 2263 Appianum,
1212 2214 1414 2258 Zonaram,
1440 2220 1608 2251 ceteros-

146 2286 236 2322 que.
293 2274 341 2310 Et
368 2275 617 2312 memorabile
637 2282 707 2319 est,
730 2276 835 2325 quod
858 2290 975 2326 super
995 2290 1041 2314 eo
1067 2277 1229 2326 aequalis
1251 2277 1428 2321 Caesaris,
1451 2276 1607 2314 Asinius

147 2337 283 2381 Pollio,
305 2338 473 2387 scripsit.
515 2339 558 2376 Id
588 2340 700 2389 quale
723 2340 783 2384 sit,
805 2340 964 2378 docebit
984 2341 1233 2391 Tranquillus
1253 2341 1320 2378 lib.
1344 2352 1398 2378 1.:
1451 2346 1462 2360 ⁴
1485 2340 1608 2377 Pollio

145 2400 297 2438 Asinius
317 2414 452 2450 parum
482 2402 694 2454 diligenter,
716 2417 930 2455 parumque
951 2405 1096 2456 integra
1117 2406 1272 2443 veritate
1294 2403 1608 2455 [commentarios

146 2465 231 2513 eos]
265 2467 501 2515 compositos
535 2475 669 2516 putat:
705 2482 793 2506 cum
828 2469 959 2506 Caesar
997 2471 1196 2520 pleraque,
1231 2475 1268 2505 et
1300 2481 1387 2518 quae
1415 2481 1484 2517 per
1511 2467 1607 2504 alios

146 2535 255 2566 erant
274 2538 395 2578 gesta,
423 2537 564 2568 temere
597 2531 831 2575 crediderit;
871 2540 909 2569 et
939 2546 1027 2581 quae
1058 2546 1126 2582 per
1160 2546 1213 2576 se,
1245 2532 1303 2569 vel
1333 2530 1526 2574 consulto,
1547 2530 1608 2567 vel

145 2592 259 2630 etiam
281 2593 462 2630 memoria
493 2594 634 2643 lapsus,
655 2607 852 2643 perperam
885 2594 1071 2632 ediderit:
1112 2595 1379 2644 existimatque
1400 2593 1608 2643 rescriptu-

146 2668 246 2701 rum,
265 2663 304 2693 et
322 2665 587 2695 correcturum
608 2658 753 2696 suisse.'
809 2658 982 2708 Reliquit
1001 2666 1040 2696 et
1059 2660 1190 2696 Caesar
1203 2657 1505 2708 ephemeridem,
1527 2656 1606 2696 sive

145 2718 313 2758 diarium
331 2734 456 2760 rerum
477 2735 500 2760 a
520 2735 559 2760 se
569 2730 781 2773 gestarum.
839 2722 992 2760 Servius
1006 2723 1043 2761 in
1059 2734 1124 2760 XI.
1142 2723 1227 2761 AEn.
1259 2729 1268 2743 ‘
1290 2723 1336 2760 C.
1352 2722 1496 2768 Caesar,
1515 2734 1606 2759 cum
