1872 3104
610 212 649 240 c.
681 210 718 240 J.
759 207 972 238 cAEsAms
1017 207 1149 236 vl'rA.
1496 199 1608 240 1907

152 308 232 347 τούς
261 309 520 357 κεκρυμμένους
551 301 898 352 συλλαμβάνουσιν.
966 299 1038 339 τΩν
1070 301 1134 339 τὸν
1160 303 1343 352 ἡγεμόνα,
1364 303 1606 352 Κορνήλιον,9

153 377 285 410 πείσας
304 372 383 408 δυσὶ
402 368 594 406 ταλάντοις
626 369 774 417 ἀφείθη,
798 368 856 403 καὶ
883 364 1047 413 καταβὰς
1080 366 1181 403 εὐθὺς
1202 368 1261 404 ἐπὶ
1282 368 1487 412 θάλατταν,
1534 372 1606 414 ἑξέ-

153 443 313 478 πλενσεν
333 439 380 475 εἷς
401 437 578 473 Βιθυνίαν
599 436 686 484 πρὸς
702 432 896 486 Νικομήὅη
920 435 983 471 τὸν
996 432 1216 482 βασιλέα.ιο
1250 431 1346 482 Παρ’
1366 430 1392 485 ᾦ
1413 431 1607 482 διατρίψας

152 506 286 554 χρόνον
305 503 345 538 οὺ
364 499 494 545 πολῦν,
517 498 581 537 εἶτ’
606 502 821 543 ἀποπλέων,
854 501 1047 536 ἁλίσκεται
1070 499 1150 547 περὶ
1170 500 1236 542 τὴν
1253 496 1526 548 Φαρμακοῦσαν
1547 507 1607 542 νῆ-

154 583 219 604 σον
251 566 320 602 ὑπὸ
352 571 548 614 πειρατῶν,
569 562 638 609 ἤδη
667 566 750 601 τότε
784 565 927 601 στόλοις
956 563 1137 614 μεγάλοις
1157 564 1214 598 καὶ
1237 566 1413 613 σκάφεσιν
1432 563 1605 599 ἀπλέτοις

152 631 382 681 κατεχόντων
401 630 467 673 τὴν
487 628 690 665 θάλατταν.

751 871 901 913 CAP.
948 870 1011 911 II.

153 963 296 994 Caesaris
323 962 409 994 ratio
435 971 507 993 sese
524 963 613 992 inter
628 961 755 1001 piratas
779 960 929 1000 gerendi.
974 959 1067 989 Dato
1092 958 1301 990 liberationis
1327 958 1439 999 pretio
1467 959 1608 989 classem

407 1014 567 1046 celeriter
583 1018 692 1054 parat,
703 1012 894 1054 cilicesque
912 1017 1032 1052 captos
1047 1012 1079 1042 in
1096 1021 1232 1043 crucem
1249 1011 1350 1042 tollit.

205 1089 359 1138 Πρῶτον
377 1090 448 1139 μὲν
467 1087 531 1126 οὖν
558 1090 715 1134 αἰτηθεὶς
734 1089 792 1125 ὑπ’
812 1090 932 1126 αὐτῶν
952 1088 1067 1137 λύτρα
1087 1089 1202 1125 ε’ίκοσι
1217 1091 1384 1125 τάλαντα
1404 1090 1610 1135 κατεγέλα·

153 1170 231 1199 σεν,
251 1157 296 1191 ὡς
323 1155 385 1190 οὐκ
403 1151 563 1198 εἰδότων,
595 1153 637 1190 ὃν
662 1154 842 1206 ᾑρήκοιεν·
875 1152 981 1189 αὐτὸς
1001 1150 1031 1188 δ’
1051 1154 1272 1201 ὡμολόγησε
1292 1153 1520 1195 πεντήκοντα
1543 1148 1610 1186 δώ-

154 1234 247 1255 σειν.
293 1217 452 1254 ’Έπειτα
471 1224 542 1255 τῶν
563 1218 644 1265 περὶ
664 1217 776 1253 αὐτὸν
808 1217 930 1252 ἄλλον
959 1217 1009 1252 εἷς
1036 1217 1160 1261 ἄλλην
1180 1214 1393 1263 διαπέμψας
1416 1216 1529 1251 πόλιν
1549 1214 1609 1250 ἐπὶ

152 1282 216 1319 τὸν
235 1288 306 1319 τῶν
324 1285 524 1332 χρημάτων
544 1280 753 1330 πορισμὸν,ι
785 1281 826 1317 έν
845 1281 1049 1327 ἀνθρώποις
1079 1280 1332 1330 φονικωτάτοις
1360 1279 1482 1325 Κίλιξι
1495 1280 1511 1297 ²
1530 1280 1613 1326 μεθ’

154 1345 232 1382 ἑνὸς
250 1347 359 1396 φίλου
373 1346 385 1367 ³
408 1347 466 1382 καὶ
481 1344 585 1382 δυοῖν
603 1345 821 1380 ἀκολούθοιν
841 1345 1171 1393 ἀπολελειμμένος,
1189 1344 1280 1380 οὕτω
1302 1348 1610 1393 καταφρονητικῶς

153 1406 272 1459 εἶχεν,
292 1410 384 1445 ὥστε
406 1412 574 1458 πέμπων,
608 1408 731 1443 ὁσάκις
757 1408 1000 1450 ἀναπαύοιτο,
1035 1411 1280 1454 προσέταττεν
1309 1408 1430 1444 αὐτοῖς
1452 1407 1611 1457 σιωπᾷν.

150 1471 324 1522 Ἡμέραις
344 1470 383 1509 δὲ
404 1475 680 1519 τεσσαράκοντα
701 1469 801 1506 δυεῖν
819 1468 996 1514 δεούσαις,
1015 1473 1136 1519 ὥσπερ
1157 1473 1197 1506 οὐ
1216 1470 1489 1521 φρουρούμενος,
1506 1471 1611 1506 ἀλλὰ

152 1535 455 1588 δορυφορούμενος
474 1536 530 1571 ὑπ’
543 1536 677 1579 αὐτῶν,
692 1535 751 1570 ἐπὶ
767 1536 906 1576 πολλῆς
925 1531 1053 1570 ἀδείας
1074 1533 1280 1573 συνέπαιὲε
1300 1534 1359 1569 καὶ
1376 1533 1611 1582 συνεγυμνά-

153 1600 254 1638 ἒετο.
283 1600 361 1636 Καὶ
373 1600 559 1647 ποιήματα
571 1602 722 1649 γράφων
738 1599 797 1634 καὶ
809 1598 942 1644 λόγους
958 1598 1073 1641 τινὰς,
1087 1598 1281 1646 ἀκροαταῖς
1295 1599 1446 1634 ἐκείνοις
1461 1598 1607 1649 ἑχρῆτο’

154 1665 212 1701 καὶ
232 1661 310 1701 τοὺς
329 1666 378 1712 μὴ
399 1664 660 1714 θαυμάὲοντας
675 1665 838 1710 ἄντικρυς
851 1659 1090 1699 ἀπαιδεύτους
1109 1663 1167 1698 καὶ
1182 1659 1400 1710 βαρβάρους
1413 1661 1608 1705 ἀπεκάλει,

1299 1723 1350 1763 Οἱ
1381 1724 1410 1763 δ’
1443 1726 1610 1776 ἔχαιρον,

154 1729 213 1764 καὶ
252 1727 318 1763 σὺν
351 1729 488 1773 γέλωτι
518 1728 696 1764 πολλάκις
729 1729 909 1771 ἠπείλησε
939 1728 1076 1777 κρεμᾷν
1103 1727 1242 1762 αὐτούς.

812 1831 950 1864 NOTAE

193 1909 216 1936 0
239 1903 390 1945 Κορνήλ.]
419 1905 613 1936 Cornelium
627 1906 716 1936 hunc
734 1905 853 1944 Phagi-

152 1959 218 1986 tam
245 1956 398 1996 appellat
422 1956 517 1986 Suet.
542 1956 614 1987 Jul.
641 1958 694 1987 74.
718 1955 782 1986 nisi
810 1955 853 1985 ab

151 2006 291 2047 negotio
321 2005 544 2037 abominando
577 2004 668 2036 forte
698 2005 855 2045 Splmgita

152 2056 263 2088 dictus
280 2061 366 2088 erat.
410 2055 566 2087 Totidem
582 2055 720 2086 talentis
738 2055 854 2086 Caesar

907 1904 1064 1935 Miletum
1095 1913 1114 1935 a
1138 1903 1300 1935 Cilicibus
1334 1903 1453 1944 piratis
1490 1908 1609 1945 captus

907 1958 971 1984 est.

952 2057 968 2085 1
994 2053 1161 2094 Πορισμὸν]
1184 2054 1315 2085 Publica
1330 2055 1495 2086 civitatum
1510 2064 1612 2096 pecu-

155 2108 258 2138 vitam
275 2108 527 2149 redemit‚quot
542 2108 634 2148 Sylla
644 2106 855 2147 cuicumque,

155 2157 326 2198 quiunum
351 2167 392 2188 ex
407 2157 605 2199 proscriptis
629 2156 853 2196 interemerit,

154 2207 367 2247 promiserat.

199 2260 238 2287 10
252 2256 413 2287 Suetonio
425 2259 565 2286 auctore
578 2255 611 2285 in
628 2254 743 2286 Asiam
758 2255 856 2286 venia

148 2307 219 2347 jam
236 2307 421 2347 impetrata
441 2305 536 2346 abiit,
562 2306 618 2336 ubi
636 2306 696 2337 sub
712 2307 854 2337 Thermo

157 2361 305 2397 praetore
322 2357 430 2397 prima
455 2357 628 2397 stipendia
644 2355 784 2395 faciens,
802 2357 854 2387 bis

157 2407 242 2438 adiit
271 2408 479 2448 Bithyniam,
511 2412 582 2438 tum
618 2408 679 2438 sub
711 2408 854 2439 Servilio

157 2456 308 2488 Isaurico
322 2457 355 2487 in
372 2458 491 2488 Cilicia
505 2458 645 2496 meruit;
684 2458 763 2488 inde
778 2462 855 2499 post

155 2508 257 2547 Syllae
284 2512 424 2538 mortem
452 2509 564 2547 (xxxi.
601 2518 704 2539 annos
742 2508 855 2549 natus)

158 2560 299 2590 Romam
313 2558 417 2588 redux
438 2558 648 2589 Dolabellam
662 2559 855 2597 accusavit3

157 2619 224 2650 quo
265 2609 432 2646 absoluto,
472 2608 624 2638 Rhodum
664 2609 778 2648 petiit,
815 2613 854 2638 ut

156 2657 338 2698 Apollonio
358 2657 494 2688 Molone
511 2657 672 2697 magistro
689 2662 854 2688 uteretur.

158 2707 235 2740 Hoc
257 2708 391 2738 demum
406 2708 526 2739 itinere
542 2709 635 2739 circa
652 2709 855 2740 Pharmacu-

159 2767 228 2790 sam
241 2758 382 2789 insulam
391 2758 431 2790 ad
444 2759 539 2790 littus
552 2759 741 2791 Asiaticum
753 2768 856 2800 supra

906 2105 962 2136 nia
989 2105 1163 2137 redemtus
1204 2111 1269 2145 est,
1301 2107 1433 2138 Velleio
1457 2111 1610 2138 auctore.

908 2156 1008 2188 Quod
1034 2156 1138 2196 igitur
1166 2157 1281 2188 Caesar
1305 2157 1522 2197 praedonibus
1546 2165 1612 2188 xx.

909 2206 1041 2237 talenta
1070 2207 1320 2246 postulantibus
1348 2217 1381 2238 1..
1406 2212 1528 2247 sponte
1553 2217 1613 2239 sua

909 2255 1046 2295 obtulit,
1069 2265 1135 2286 non
1149 2256 1336 2287 liberalitas
1351 2257 1423 2288 haec
1446 2256 1526 2296 fuit,
1551 2258 1611 2288 sed

908 2316 1038 2338 summa
1076 2306 1285 2338 confidentia
1326 2307 1421 2347 civis,
1443 2307 1611 2338 sociorum

908 2358 950 2388 P.
976 2358 1017 2388 R.
1044 2356 1190 2388 fortunis
1216 2358 1419 2390 insultantis.
1478 2359 1610 2389 Casaub.

908 2408 950 2438 ad
976 2408 1071 2439 Suet.
1098 2406 1294 2439 Articulum
1308 2407 1364 2438 τὸν
1379 2409 1422 2440 de
1438 2418 1499 2439 suo
1516 2407 1610 2440 addi-

909 2459 959 2489 dit
973 2458 1109 2490 Reiske.

950 2510 970 2538 2
994 2506 1109 2549 Κίλιξι]
1133 2509 1188 2539 De
1215 2508 1336 2548 quibus
1365 2506 1525 2538 Romanis
1553 2516 1610 2547 po-

910 2557 1073 2588 tissimum
1086 2557 1403 2588 insultantibusvid.
1427 2556 1498 2587 Vit.
1512 2556 1612 2587 Pom.

910 2607 979 2646 peii
1007 2617 1036 2638 c.
1066 2610 1119 2638 24.
1166 2608 1251 2638 Cum
1277 2608 1423 2637 maxime
1446 2605 1611 2638 florerent

910 2667 1011 2697 supra
1027 2658 1074 2688 M.
1090 2667 1194 2688 naves
1209 2658 1392 2689 habebant.

953 2711 972 2738 3
995 2707 1103 2749 Φίλου]
1128 2709 1205 2738 Cum
1222 2719 1280 2739 uno
1307 2709 1422 2739 medico
1437 2712 1468 2740 et
1490 2708 1610 2740 cubicu-

908 2758 999 2790 lariis
1011 2759 1138 2790 duobus.
1167 2759 1308 2790 Sueton.
1323 2769 1354 2790 c.
1369 2762 1401 2790 4.
