1872 3104
723 210 1060 241 LATlNl'rArrs.

180 308 337 340 volebant
363 303 476 336 miseri
506 306 541 333 et
570 299 681 332 moesti
711 300 830 333 videri.

180 351 312 391 Lipsius
325 352 436 379 tamen
452 345 485 375 in
502 344 658 375 Excursu
675 342 718 374 ad
735 343 829 374 illum

178 393 285 423 locum
301 389 399 421 aliam
436 386 757 428 interpretationem
780 395 830 416 se-

178 438 275 464 cutus
305 434 368 462 est.

136 476 283 508 lucium
296 473 446 504 rationem
472 480 587 511 pugna:
602 470 635 503 G
653 470 700 510 iii,
717 473 768 502 14.
794 474 832 502 ut

173 517 316 548 insistere
330 514 425 546 viam.
470 513 612 545 Terent.
640 514 777 545 Phoim.
810 513 832 551 i,

171 561 205 598 4,
222 560 274 590 15.
305 556 420 589 Animo
443 555 586 588 insistere
601 555 831 598 (incumbere)

170 601 205 631 in
218 599 335 640 aliquid
357 599 389 631 G
408 599 453 638 vi,
467 603 499 631 5.

132 641 278 682 [mle-m,
294 642 352 684 qui
376 640 512 673 inflatus
528 640 651 681 animo,
675 640 831 682 petulan-

172 683 240 716 tius
266 689 303 717 et
329 684 508 725 superbius
536 693 572 715 se
594 683 685 724 gerit
710 683 742 715 G
760 683 832 724 viii,

174 729 224 758 18.
247 736 373 768 oppon.
397 726 539 758 timidus.
597 726 666 758 Sed
693 725 764 757 belli
784 726 832 757 in·

169 770 268 800 solens
284 770 312 802 C
328 770 363 810 ii,
378 772 432 801 86.
467 769 498 801 ei
513 778 580 801 non
596 773 764 801 assuetus.
786 768 830 800 cf.

170 812 331 844 Insolitus.
388 812 527 843 Sallust.
553 812 593 844 C.
618 815 651 844 3.
710 812 833 843 animus

169 855 323 886 malarum
345 855 464 887 artium
489 855 636 887 insolens:
695 854 833 886 [molens

171 897 324 938 voluptas,
346 897 511 929 inusitata
537 896 567 928 Α
582 899 637 928 51.

130 938 301 971 Insolenter
311 940 459 980 gloriari,
483 949 560 972 cum
586 939 727 971 aliorum
753 947 832 970 con-

172 982 312 1014 tumelia
338 986 375 1014 et
403 982 558 1013 irrisione
576 981 608 1013 G
634 983 658 1021 i,
678 985 729 1014 14.
752 981 833 1012 inso-

170 1024 271 1056 lenter
284 1024 404 1065 insequi
425 1024 454 1056 C
469 1024 494 1064 i,
511 1027 564 1056 45.
585 1023 617 1055 Α
633 1027 688 1056 27.
706 1022 751 1056 cf.
776 1024 829 1055 In·

169 1066 349 1098 toleranter.

129 1108 312 1149 Imolentia,
328 1107 415 1150 ὕβρις
436 1108 464 1141 C
480 1108 503 1150 i,
518 1111 573 1141 32.

128 1151 275 1183 [molitus
306 1153 347 1184 ad
390 1150 524 1183 laborem
560 1151 730 1189 exercitus,
764 1160 832 1183 non

170 1198 326 1226 assuetus
358 1193 466 1226 labori
482 1194 573 1235 ciii,
599 1197 653 1226 85.
696 1194 833 1227 insolita

169 1237 395 1269 constructio.

128 1277 290 1310 Instabiles
304 1282 404 1311 mom
418 1278 581 1310 tribuitur
596 1279 657 1320 rei,
673 1289 748 1320 quae
764 1288 832 1311 non

170 1321 228 1352 diu
245 1321 363 1353 eadem
379 1326 507 1361 manet,
533 1321 594 1353 sed
605 1321 761 1353 omnibus
774 1322 833 1354 ho·

171 1372 219 1394 rae
235 1365 414 1396 momentis
426 1368 580 1396 mutatur
594 1364 627 1396 G
643 1364 689 1406 iv,
705 1367 760 1396 23.

129 1405 249 1446 Instar,
263 1406 463 1447 similitudo,
479 1407 672 1448 praesertim
699 1406 833 1439 ratione

168 1448 411 1488 magnitudinis
423 1454 460 1480 et
475 1450 715 1482 multitudinis.
739 1449 832 1482 Hinc

170 1490 202 1521 A
220 1494 272 1522 19.
315 1492 418 1522 instar
447 1491 544 1522 trium
565 1492 750 1532 cohortium,
772 1501 833 1524 nu-

169 1542 294 1573 merus,
317 1538 388 1566 tres
416 1534 574 1566 cohortes
597 1545 750 1576 aequans,
772 1544 834 1566 nu-

170 1585 284 1607 merus
315 1579 443 1616 tantus,
473 1581 618 1617 quantus
649 1581 703 1609 est
729 1577 832 1608 trium

169 1617 242 1650 fere
266 1619 469 1660 cohortium,
491 1619 523 1651 h.
539 1628 571 1652 e.
598 1622 670 1651 tres
693 1619 833 1651 circiter

171 1661 342 1693 cohortes.

128 1702 298 1734 Instituere
326 1703 462 1743 remiges
485 1712 526 1734 ex
543 1703 645 1744 aliquo
675 1704 752 1744 loco,
779 1713 831 1734 ar-

171 1755 322 1784 cessere,
339 1755 539 1786 comparare
554 1745 586 1777 G
603 1745 650 1785 iii,
662 1748 696 1777 9.
739 1745 832 1776 insti-

170 1790 257 1819 tuere
281 1789 389 1828 aciem,
403 1788 572 1819 instruere
591 1788 624 1820 G
640 1788 691 1829 iii,
705 1791 759 1820 24.
784 1787 833 1828 ἰν,

173 1832 225 1861 14.
268 1830 325 1862 Sic
338 1829 368 1861 A
386 1833 438 1861 37.
480 1834 604 1871 partem
615 1831 772 1871 copiarum
786 1830 834 1861 in-

168 1872 286 1912 stituit,
322 1872 499 1913 instruxit,
528 1877 568 1904 ut
597 1874 689 1905 acies
730 1877 834 1905 esset.

169 1915 428 1947 nwehinutimiem
452 1915 484 1947 G
501 1915 537 1955 ii,
561 1918 616 1947 30.
657 1919 785 1957 pontem
800 1916 833 1947 G

170 1957 217 1997 iv,
233 1960 285 1990 18.
307 1959 336 1990 C
349 1959 372 1998 i,
386 1962 440 1990 54.
462 1968 556 1989 naves
571 1958 604 1989 G
620 1968 654 1998 v,
670 1961 724 1990 11.
766 1961 834 1990 tur·

169 2009 232 2040 res,
261 2001 444 2039 testudines,
471 2000 659 2032 munitiones
674 2000 708 2032 G
727 2009 750 2031 v
778 2003 833 2032 52.

163 2040 266 2079 soum
295 2043 324 2075 c
345 2043 396 2082 iii,
423 2045 477 2075 46.
521 2043 659 2085 ψει-ηας
676 2022 836 2081 suffitias

173 2082 231 2116 Af.
245 2087 300 2116 20.
335 2089 371 2117 ut
383 2086 581 2127 instituerat,
595 2089 637 2118 ut
652 2085 786 2118 solebat
801 2086 834 2118 G

173 2126 220 2166 vi,
233 2129 266 2166 3,
278 2129 334 2158 44.

131 2169 293 2201 Instruere
303 2169 526 2210 tignnparieti,
533 2169 696 2202 struendo
708 2169 834 2202 insere-

175 2220 214 2242 re
221 2211 356 2253 parieti,
365 2213 543 2244 einmauern
555 2212 630 2252 cii,
645 2215 677 2245 9.
699 2213 834 2245 instrue-

174 2263 210 2285 re
232 2263 374 2295 aggeres,
400 2259 533 2286 struere
549 2255 584 2286 G
605 2254 678 2295 viii,
701 2257 755 2287 41.
779 2255 832 2287 cf.

174 2297 298 2336 Agger.
338 2307 442 2337 naves,
465 2298 684 2329 armamentis
711 2306 834 2330 ornare

176 2343 213 2370 et
226 2338 347 2379 quibus
364 2349 450 2381 opus
463 2340 495 2372 G
512 2350 545 2381 v,
559 2343 591 2380 2,
603 2343 635 2371 5.
653 2341 682 2372 C
694 2339 743 2379 iii,
759 2343 834 2372 100.

133 2380 378 2413 lustramentum
420 2382 630 2424 hibernorum,
665 2382 834 2424 supellex,

177 2433 261 2454 vasa
275 2424 308 2456 G
324 2434 357 2464 v,
371 2427 426 2456 31.

134 2465 338 2506 lundam,
351 2466 561 2499 assuefactus
576 2467 609 2500 G
624 2467 671 2507 iv,
685 2469 740 2498 24.

133 2509 280 2548 Integere
305 2509 336 2541 G
353 2509 413 2549 vii,
434 2512 488 2541 73.
523 2510 552 2542 C
567 2510 592 2550 i,
607 2512 662 2542 25.
686 2509 741 2542 Cf.
763 2514 835 2542 not.

178 2550 223 2581 ad
237 2551 375 2583 obtectus
390 2553 419 2584 C
434 2552 484 2590 iii,
498 2554 550 2583 19.

136 2593 298 2633 Integrum
312 2594 343 2625 A
359 2598 413 2625 35.
444 2593 616 2631 definitur,
629 2595 707 2634 quod
722 2594 769 2625 ita
779 2597 837 2636 est,

175 2639 212 2667 ut
229 2635 312 2674 fuit.
346 2637 436 2669 Vires
450 2637 595 2676 integret,
611 2636 760 2667 nondum
777 2636 836 2667 im-

178 2679 319 2711 minutae
334 2679 514 2720 pugnando
529 2679 560 2711 G
572 2679 619 2719 iii,
631 2681 662 2710 4.
686 2682 745 2710 aut
761 2688 837 2709 cur-

179 2722 285 2754 rendo
301 2726 338 2754 et
352 2722 537 2754 laborando
554 2722 585 2754 G
603 2721 652 2761 iii,
670 2724 720 2753 19.
745 2721 837 2753 Hinc

181 2762 300 2805 integri
326 2764 467 2798 defessis
498 2768 718 2807 opponuntur
747 2764 780 2797 G
804 2772 837 2805 v,

1504 201 1582 243 lvii

924 302 976 331 16.
1001 299 1060 337 vii,
1077 301 1130 330 41.
1164 297 1222 330 Af.
1239 300 1292 329 78.
1347 299 1468 338 integer
1494 303 1587 345 locus,

923 342 1071 373 nondum
1098 341 1284 372 exhaustus
1301 340 1497 383 pabulando
1514 346 1542 377 C
1559 346 1583 386 i,

922 387 977 416 49.
1024 385 1138 415 Omnia
1163 387 1235 415 eunt
1257 385 1384 424 integra
1407 386 1446 415 ad
1468 396 1586 427 pacem,

923 426 1005 457 nihil
1035 431 1089 457 est
1119 426 1152 456 in
1179 427 1247 457 ulla
1275 436 1310 457 re
1338 427 1588 470 impedimenti,

924 478 991 509 quo
1007 469 1116 500 minus
1133 478 1200 510 pax
1211 469 1272 501 fiat
1290 470 1352 510 Ci,
1366 473 1420 502 85.
1443 469 1489 502 cs.
1506 472 1534 503 C
1550 472 1585 511 ii,

882 553 1078 593 Intelligitur
1105 553 1231 594 signum
1246 555 1348 596 aliqua
1372 564 1406 586 re
1420 555 1451 588 G
1470 555 1539 596 viii,
1553 558 1586 587 8.

882 596 1062 636 Intendere,
1077 597 1191 628 conari
1206 597 1238 630 G
1252 598 1300 637 iii,
1314 600 1369 630 26.

882 639 971 670 Inter
995 638 1090 680 (per)
1106 640 1254 671 tredecim
1274 650 1371 672 annos
1386 639 1417 672 G
1433 639 1456 681 i,
1472 642 1524 672 36.
1547 643 1586 672 ut

925 681 1037 722 Liv.i‚
1064 685 1117 714 10.
1161 682 1246 714 inter
1271 686 1318 714 tot
1346 692 1453 722 annos,
1476 683 1512 714 in
1528 683 1589 714 de·

924 733 1026 756 cursu
1049 728 1103 756 tot
1130 733 1307 758 annorum.
1354 725 1443 756 Inter
1468 734 1588 757 manus

926 767 954 798 C
972 767 1008 806 ii,
1023 769 1055 799 2.

883 809 1086 849 Intercidere,
1101 809 1217 850 jug-um
1232 810 1310 841 valle
1333 819 1351 840 ιι
1366 809 1477 841 castris
1490 810 1589 841 inter-

924 852 1032 892 cisum,
1065 852 1209 883 divisum
1239 852 1271 884 G
1297 851 1369 891 viii,
1395 855 1446 883 14.
1499 853 1590 883 colles

923 894 1055 926 vallibus
1085 895 1240 934 intercisi,
1277 894 1390 935 divisi,
1421 894 1588 935 disjuncti

924 936 958 968 A
972 939 1025 968 ⁷2.
1048 934 1093 968 cf.
1109 935 1152 967 ad
1165 936 1196 968 A
1209 939 1263 968 7³.

883 978 1076 1020 Intercipere
1086 979 1164 1020 pila,
1190 979 1363 1020 excipere,
1378 978 1533 1020 arripere
1555 979 1588 1012 G

927 1020 964 1061 ii,
978 1024 1033 1054 27.

884 1063 1056 1096 Intercludi
1081 1073 1116 1095 re
1145 1063 1373 1103 frumentaria,
1402 1063 1512 1095 arceri
1543 1063 1589 1096 ab

926 1106 966 1138 iis
995 1107 1093 1147 locis,
1108 1106 1199 1138 unde
1214 1105 1422 1138 frumentum
1440 1105 1514 1147 peti
1529 1115 1588 1148 po-

927 1153 1019 1182 terat
1036 1149 1068 1182 G
1085 1149 1108 1190 i,
1122 1152 1176 1180 23.

884 1191 1076 1224 Interdicere
1091 1192 1185 1223 alicui
1199 1201 1233 1223 re
1248 1191 1354 1232 aliqua
1367 1190 1398 1223 G
1415 1190 1439 1231 i,
1456 1193 1509 1223 46.
1540 1191 1590 1222 in·

926 1236 1076 1266 ter-dicere
1101 1245 1181 1275 aqua
1211 1237 1241 1265 et
1267 1234 1348 1273 igni,
1373 1234 1408 1265 in
1447 1233 1589 1265 exilium

926 1278 1067 1309 mittere
1083 1276 1116 1308 G
1134 1277 1179 1317 vi,
1194 1279 1248 1308 44.
1281 1276 1350 1308 Sed
1366 1276 1398 1308 G
1416 1286 1449 1315 V,
1465 1279 1520 1308 58.
1541 1276 1590 1308 in-

925 1320 1080 1352 terdicere
1095 1324 1149 1351 est
1167 1319 1306 1360 jubere,
1329 1318 1481 1350 edicere.

883 1361 1079 1403 Interjicere‚
1092 1361 1325 1402 interponere,
1348 1361 1540 1392 immiscere
1555 1359 1588 1393 G

926 1405 984 1480 vGii,
1011 1408 1066 1437 36.
1095 1405 1272 1443 interjicere
1303 1407 1403 1435 sentes
1430 1402 1591 1434 arboribus

971 1448 995 1479 ii
1025 1451 1078 1480 17.

884 1471 1035 1530 Interio’r,
1060 1488 1131 1521 vid.
1145 1488 1188 1520 ad
1203 1489 1235 1521 G
1247 1488 1284 1529 ii,
1296 1491 1328 1520 2.
1352 1486 1397 1520 cf.
1413 1497 1446 1526 v,
1464 1489 1518 1527 12,
1535 1489 1590 1527 18,

926 1535 980 1564 14.
1003 1532 1177 1573 interiores,
1192 1531 1250 1574 qui
1264 1531 1356 1563 intra
1369 1530 1494 1562 moenia
1510 1533 1592 1562 sunt

926 1575 959 1606 G
976 1575 1022 1606 vii
1051 1578 1102 1607 82.

883 1598 1077 1649 Interire'de
1092 1625 1129 1648 re
1144 1615 1306 1656 inanima,
1321 1616 1360 1646 de
1381 1613 1510 1646 navibus
1525 1613 1553 1646 C
1568 1613 1592 1655 i,

924 1663 978 1692 58.
1002 1660 1031 1692 C
1046 1659 1096 1700 iii,
1111 1662 1164 1690 27.
1188 1658 1220 1690 Α
1235 1661 1289 1690 21.
1331 1660 1370 1690 de
1382 1668 1441 1690 usu
1455 1660 1590 1690 tormen-

925 1705 1029 1733 torum
1044 1703 1072 1734 C
1087 1702 1123 1741 ii,
1140 1704 1192 1732 16.

884 1743 1047 1783 Inter-itio,
1061 1744 1236 1782 interitus,
1253 1741 1367 1774 caedes
1382 1742 1417 1773 H
1433 1745 1490 1774 24.

884 1785 1099 1818 Inter-mittere
1114 1789 1236 1826 tempus
1250 1795 1270 1816 a
1284 1785 1387 1816 labore
1413 1782 1592 1825 (vacuum)

927 1829 956 1860 C
977 1829 1002 1868 i,
1027 1831 1080 1860 32.
1115 1826 1161 1859 cf.
1199 1827 1262 1859 Aa.
1289 1827 1505 1859 intermittunt
1519 1826 1591 1858 eub-

926 1874 1046 1912 euntes,
1098 1870 1261 1901 desinunt
1301 1869 1479 1909 accedere,
1514 1867 1594 1900 παῦ-

927 1925 1015 1945 ονται
1033 1911 1276 1954 προσερχόμενοι
1292 1913 1325 1944 G
1342 1913 1378 1951 ii,
1394 1915 1448 1943 25.
1466 1912 1587 1952 flumen

925 1956 1123 1995 intermittit,
1149 1964 1293 1986 vacuum
1318 1954 1467 1995 spatium
1492 1953 1594 1985 relin-

926 1999 1013 2040 quit,
1029 1998 1121 2040 quod
1148 2007 1236 2039 aqua
1250 2006 1317 2029 non
1333 1995 1475 2029 offusum
1490 1999 1543 2028 est
1558 1996 1591 2028 G

925 2041 951 2081 i,
963 2044 1016 2073 38.
1039 2041 1250 2073 intermissum
1263 2039 1414 2081 spatium,
1428 2039 1592 2071 interval·

926 2084 997 2116 lum
1013 2083 1046 2116 G
1060 2084 1117 2125 vii,
1131 2086 1186 2116 72.
1228 2082 1409 2114 inter-‘missa
1423 2082 1526 2123 cauis,
1540 2081 1591 2112 in-

927 2127 1097 2158 termedia
1119 2126 1151 2158 G
1169 2125 1242 2166 viii,
1266 2129 1298 2158 9.
1342 2125 1520 2156 intermisso
1531 2124 1591 2156 tri-

925 2170 998 2210 duo,
1014 2169 1122 2201 tribus
1153 2168 1276 2200 diebus
1302 2167 1428 2209 elapsis
1443 2167 1476 2200 G
1490 2167 1515 2207 i,
1537 2169 1592 2199 27.

928 2216 968 2243 ut
997 2215 1086 2243 nocte
1110 2211 1303 2250 intermissa,
1333 2210 1470 2242 interea
1510 2208 1591 2240 dum

927 2263 994 2285 nox
1017 2254 1158 2286 labitur.
1182 2253 1265 2285 ibid.
1299 2253 1478 2284 intermisso
1504 2252 1590 2283 eolli-

927 2296 985 2328 bus
995 2296 1157 2337 planities,
1170 2296 1281 2328 media
1305 2295 1397 2327 inter
1410 2295 1531 2335 colles,
1544 2293 1592 2325 in-

927 2339 1088 2380 terjecta,
1101 2349 1169 2371 non
1192 2342 1290 2371 tecta
1310 2338 1398 2370 colle
1416 2338 1449 2369 G
1463 2336 1522 2377 vii,
1535 2338 1591 2368 70.

928 2381 975 2414 cf.
1004 2382 1088 2414 ibid.
1105 2392 1135 2414 c.
1153 2385 1205 2414 17.
1247 2380 1433 2412 intermissae
1447 2379 1593 2426 (11151811-

928 2428 994 2464 tes,
1008 2425 1057 2457 sic
1080 2425 1182 2466 paulo
1199 2422 1299 2465 ante)
1320 2423 1449 2464 paribus
1476 2424 1590 2461 spatiis

928 2467 1033 2499 trabes
1048 2468 1081 2499 G
1096 2467 1154 2508 vii,
1163 2470 1216 2499 23.
1239 2476 1314 2507 quae
1325 2465 1509 2506 hypallage
1519 2465 1590 2510 est:

927 2519 1005 2541 nam
1021 2510 1134 2551 spatia
1160 2519 1186 2540 s.
1210 2508 1393 2540 intervalla
1419 2507 1591 2538 intermit-

928 2555 1050 2583 tuntur
1072 2563 1097 2585 s.
1114 2551 1363 2592 relinquuntur.

887 2593 1074 2634 Inter-necin,
1089 2594 1238 2625 omnium
1263 2592 1400 2624 omnino
1430 2589 1589 2622 interitus

929 2640 966 2667 et
989 2637 1102 2668 caedes
1118 2635 1187 2676 Gi,
1204 2637 1256 2666 13.
1279 2635 1318 2675 ii,
1333 2637 1386 2666 28.

888 2678 1104 2719 Interpellare,
1121 2678 1192 2709 vid.
1205 2677 1248 2708 ad
1265 2676 1295 2708 A
1312 2680 1365 2708 50.

888 2721 1089 2761 Inter-ponere
1105 2720 1264 2752 moramG
1280 2719 1326 2759 iv,
1340 2722 1371 2750 9.
1394 2718 1588 2759 interponere

929 2773 1064 2805 causam,
1080 2762 1235 2805 proferre
1251 2771 1400 2801 causam,
1417 2770 1495 2803 quae
1514 2769 1588 2792 rem
