1872 3104
588 195 649 226 ne
682 194 797 224 κ-ιτΑ
830 193 961 224 semi
996 195 1226 226 oAEsAnis.
1526 192 1636 234 1893

185 296 234 331 ibi
257 296 347 332 (lum
367 294 581 338 assedisset,
602 294 796 343 conjurati
816 308 902 332 cum
920 295 991 332 sub
1013 302 1199 345 praetextu
1220 295 1399 346 obsequii
1420 296 1634 338 circumsis-

186 366 293 396 tunt:
325 371 409 396 cum
431 358 587 395 Cimber
606 357 760 394 Tullius
782 359 847 408 qui
880 358 1058 407 ⁵⁵priuius
1084 359 1155 396 sibi
1189 360 1282 397 tanti
1311 360 1490 398 facinoris
1510 370 1634 411 partes

183 427 451 469 assumpserat,
481 420 674 458 accedens
701 422 831 458 nescio
852 422 944 471 quid
967 423 1163 472 poposcit.
1222 424 1390 474 Neganti
1410 424 1447 461 iu
1469 438 1635 475 praesens

182 484 296 532 inque
317 483 417 520 aliud
442 492 592 534 tempus
615 498 692 522 rem
714 486 892 531 trahenti,
914 487 963 523 ab
986 494 1150 536 utroque
1173 488 1330 525 humero
1361 495 1488 539 togam
1519 490 1638 526 mani-

184 548 253 584 bus
287 548 460 597 arripuit,
499 548 790 596 exclamantem,
822 550 927 586 ‘Ista
961 549 1114 599 quidem
1149 551 1201 587 vis
1235 555 1320 596 est,'
1355 552 1508 590 Cassius
1538 552 1636 590 infra

173 611 352 659 jugulum
390 612 577 650 vulnerat.
634 614 762 650 Caesar
783 614 904 650 Cassii
939 615 1105 663 pugione
1125 622 1272 664 erepto,
1295 616 1530 666 brachioque
1549 616 1634 666 eJus

178 675 356 722 trajecto,
380 675 471 712 dum
493 684 706 726 assurgeret
727 677 800 713 alio
822 677 977 714 vulnere
1000 685 1209 716 remoratus
1231 686 1298 724 est,
1321 680 1426 729 quod
1449 693 1566 718 unum
1587 693 1634 718 ex

178 738 358 775 omnibus
390 740 499 776 letale
534 740 673 778 medici
707 740 857 778 dixere:
890 741 955 777 sed
986 742 1033 778 ad
1058 756 1168 780 [lnam
1191 745 1306 780 vitam
1329 743 1537 781 finiendam
1558 744 1634 782 tale

177 802 312 838 vulnus
336 816 451 840 [uuum
475 805 564 840 satis
594 812 665 841 est.
720 805 823 841 Tum
857 818 894 839 se.
930 805 1096 855 undique
1117 807 1164 843 ab
1184 807 1361 843 omuibus
1382 807 1513 843 stricto
1535 808 1633 846 ferro

176 866 254 916 peti
277 867 421 910 videus,
446 882 567 917 neque
589 869 658 905 soli
680 869 776 905 intr-r
796 876 920 905 tantos
950 875 988 905 et
1015 869 1147 905 inermi
1169 868 1380 919 quidquam
1401 871 1529 907 auxilii
1550 884 1634 910 esse

175 931 402 980 intelligens,
429 933 604 982 spiritum
638 933 848 981 recollegit,
871 945 917 968 ue
939 932 1030 981 quid
1052 933 1273 970 indecorum
1308 934 1469 971 moriens
1489 934 1635 973 diceret

175 1001 240 1032 aut
262 995 416 1040 faceret,
440 1009 563 1045 neque
583 997 739 1033 omnino
760 995 904 1046 aliquid
927 996 1048 1034 dixit:
1081 997 1148 1033 nisi
1169 997 1274 1046 quod
1297 998 1345 1034 ad
1366 998 1533 1047 primurn
1554 999 1633 1035 vul-

174 1072 243 1096 nus
263 1071 472 1108 parumper
503 1059 748 1104 6f‘int'remuit,
783 1060 885 1097 nulla
907 1074 1001 1097 voce
1030 1068 1155 1097 tamen
1176 1061 1329 1098 emissa:
1361 1069 1399 1098 et
1433 1063 1489 1098 M.
1514 1063 1632 1100 Bruto

173 1123 209 1159 in
241 1135 279 1159 se
311 1123 477 1167 irruenti,
513 1126 696 1162 Graecum
729 1125 849 1162 fertur
881 1126 1009 1162 nescio
1041 1125 1142 1175 quod
1174 1125 1287 1162 breve
1308 1125 1461 1170 dixisse,
1484 1126 1531 1163 de
1553 1139 1631 1176 quo

173 1187 362 1225 Caesarem
391 1189 514 1238 ipsum
537 1189 664 1226 (licere
695 1189 850 1226 solitum
882 1189 998 1226 refert
1031 1189 1166 1225 Cicero
1188 1189 1442 1238 Epistolarum
1464 1189 1512 1226 ad
1533 1190 1633 1226 Atti-

173 1264 260 1288 cum
282 1252 380 1289 libro
399 1251 606 1290 ⁶¹xxxm.
664 1254 794 1302 Magni
830 1253 945 1290 refert
983 1252 1075 1302 quid
1116 1252 1177 1289 hic
1210 1252 1313 1296 velit,
1348 1266 1409 1289 sec
1444 1253 1631 1303 quicquid

172 1315 274 1352 volet
296 1316 405 1353 valde
426 1317 545 1353 volet:
579 1323 615 1353 et
635 1317 716 1366 ipse
737 1316 893 1366 quidem
916 1317 953 1353 in
975 1323 1144 1354 extremo
1177 1324 1265 1366 toga
1300 1325 1416 1367 caput
1450 1318 1630 1363 obnubit,

170 1379 344 1428 laevaque
373 1380 496 1416 sinum
520 1381 733 1417 vestimenti
767 1381 815 1417 ad
849 1381 1045 1418 inferiores
1080 1387 1208 1429 partes
1242 1380 1413 1429 corporis
1445 1382 1631 1427 extendit,

171 1455 249 1493 quo
269 1456 379 1480 casus
399 1450 499 1481 esset
516 1444 723 1481 honestior.
746 1445 858 1494 [27¹2]
882 1446 938 1481 lta
959 1444 1019 1481 ille
1040 1444 1106 1493 qui
1128 1451 1184 1481 tot
1205 1450 1320 1481 terras
1339 1444 1518 1493 primum,
1540 1451 1631 1494 post

168 1506 206 1544 in
229 1507 321 1544 urbe
342 1508 464 1544 Roma
494 1514 676 1545 terrarum
709 1508 843 1545 orbem
878 1509 969 1545 mira
1003 1507 1185 1545 felicitate
1207 1508 1420 1557 subegerat,
1443 1521 1517 1545 una
1538 1509 1631 1546 hora

172 1581 242 1608 111.
259 1584 302 1608 ac
319 1582 396 1609 xx.
418 1571 634 1609 vulneribus
654 1572 703 1609 ad
726 1579 865 1610 terram
885 1573 996 1610 datus
1011 1572 1221 1611 occubuit:
1245 1572 1361 1622 inque
1382 1580 1630 1610 omnem-ter-

168 1647 249 1672 ram
268 1635 423 1673 auditus
445 1644 498 1674 est
532 1637 651 1673 ruiuae
684 1636 812 1686 fragor
842 1636 1018 1686 ingentis.
1074 1637 1201 1681 Quam
1226 1635 1384 1686 indigne
1417 1642 1545 1673 autem
1579 1637 1629 1674 sit

169 1699 335 1744 occisus,
359 1700 418 1737 vel
439 1701 527 1737 hinc
549 1706 668 1749 patet,
696 1700 801 1750 quod
832 1701 959 1750 plures
980 1713 1026 1737 ex
1047 1699 1103 1737 his
1123 1699 1190 1750 qui
1218 1713 1304 1737 eum
1326 1699 1567 1745 occiderunt,
1590 1700 1628 1737 in

168 1769 399 1801 testamento
428 1764 513 1813 ejus
549 1764 629 1809 tilii,
664 1765 692 1801 si
724 1766 809 1815 quis
841 1765 940 1802 forte
961 1770 1194 1810 nasceretur,
1216 1770 1360 1801 tutores
1379 1771 1486 1801 erant
1505 1765 1627 1802 norni-

165 1827 256 1871 nati,
279 1827 435 1878 quidam
467 1841 624 1878 quoque
652 1828 689 1864 in
724 1827 898 1865 secundis
932 1827 1151 1865 haeredibus
1186 1827 1319 1876 scripti
1351 1834 1479 1865 eraut:
1513 1835 1555 1865 ut
1575 1828 1626 1866 D.

167 1891 319 1936 Brutus,
352 1892 417 1942 qui
451 1893 614 1930 maxime
644 1892 681 1928 in
718 1891 826 1929 caede
857 1905 903 1929 ac
934 1893 1127 1942 praecipue
1156 1891 1310 1928 videtur
1340 1891 1460 1940 ipsius
1491 1891 1625 1929 fuisse:

166 1955 270 2006 quod
293 1956 449 2006 quidem
472 1963 739 1993 testamentum
768 1956 902 2005 paucis
935 1961 1023 1992 ante
1057 1961 1217 1992 mortem
1250 1955 1446 1992 mensibus
1466 1954 1626 1994 fecerat.

165 2020 267 2058 Nam
301 2020 339 2056 in
370 2020 488 2057 altero
520 2025 608 2057 ante
642 2020 730 2057 belli
762 2019 884 2057 civilis
918 2019 1079 2065 initium,
1101 2026 1144 2056 ut
1169 2019 1326 2069 quidam
1349 2019 1520 2064 tradunt,
1543 2020 1624 2058 Gn.

164 2083 392 2133 Pompejum
425 2097 606 2134 generum
640 2097 751 2122 suum
782 2084 940 2121 unicum
972 2083 1177 2134 scripserat
1208 2083 1413 2128 haeredem,
1436 2083 1501 2120 sed
1524 2083 1625 2120 bello

163 2153 297 2185 exorto
328 2148 500 2185 mutandi
531 2148 747 2186 testamenti
771 2147 987 2198 justissima
1013 2160 1129 2185 causa
1148 2146 1240 2184 fuit:
1271 2147 1397 2184 Nemo
1416 2146 1515 2184 enim
1536 2147 1626 2184 hos-

163 2216 242 2248 tem
262 2211 334 2248 sibi
357 2212 437 2249 vult
458 2212 647 2249 haeredem
668 2212 851 2262 legatum.
906 2210 1060 2261 Populo
1092 2211 1267 2248 Romano
1298 2209 1451 2260 publice
1472 2210 1626 2261 reliquit

163 2275 293 2312 hortos
315 2289 410 2325 quos
442 2276 544 2313 circa
577 2276 745 2314 Tiberim
777 2276 960 2321 habebat,
992 2275 1141 2325 private
1172 2282 1300 2312 autem
1326 2287 1371 2311 ae
1393 2273 1531 2311 viritim
1552 2269 1643 2312 tre-⁴

165 2344 297 2376 centos
317 2340 540 2378 sextertios:
571 2341 676 2391 quod
699 2341 868 2390 legatum
888 2341 1017 2390 ingens
1038 2340 1168 2385 fuisse,
1201 2338 1376 2389 quisquis
1395 2339 1532 2389 populi
1551 2351 1623 2376 nu·-

164 2403 423 2441 merositatem
456 2404 634 2450 attendit,
663 2404 863 2454 intelliget.
920 2405 1183 2442 Decreverant
1209 2403 1398 2441 occisores
1420 2414 1563 2453 corpus
1584 2402 1622 2439 in

161 2465 333 2502 Tiberim
348 2466 511 2516 jactare,
534 2469 637 2506 bona
666 2469 881 2519 publicare,
911 2476 996 2506 acta
1025 2480 1224 2506 revocare:
1256 2467 1322 2504 sed
1358 2465 1622 2516 magnitudine

163 2531 369 2581 perpetrati
391 2530 571 2569 facinoris
591 2534 754 2578 attoniti,
775 2540 814 2571 et
835 2540 940 2570 metu
961 2534 1018 2570 M.
1041 2531 1198 2570 Antonii
1219 2531 1283 2581 qui
1301 2537 1393 2568 tunc
1416 2529 1563 2576 consul,
1583 2535 1622 2567 et

162 2594 314 2645 Lepidi,
346 2594 414 2644 qui
440 2595 616 2645 magister
636 2596 808 2645 equitum
829 2595 1012 2632 dictatori
1032 2602 1125 2639 erat,
1152 2593 1345 2631 absterriti
1372 2592 1620 2634 destiterunt:

358 2748 403 2779 59
426 2745 529 2788 Lege,
547 2746 644 2787 prinu·
653 2748 765 2778 s.—60
790 2746 895 2787 Lege,
912 2745 1157 2785 ingemuit.-61
1186 2743 1302 2783 Forte,
1319 2750 1417 2774 xiiii„
