1872 3104
270 191 349 233 lxii

313 293 572 329 circumvallare
587 295 619 327 G
634 294 701 336 viii,
715 296 768 326 37.
796 303 900 335 opera,
916 304 970 326 res

314 343 421 381 gestae
433 338 460 370 C
473 338 496 377 ἰ,
508 341 562 371 32.
586 338 620 369 H
634 341 687 370 31.
731 337 893 369 machina:
909 347 969 378 op-

313 381 572 455 pugnandarum
589 381 721 412 urbium
738 381 769 412 G
787 381 823 420 ii,
838 384 889 412 12.
924 380 969 412 cf.

317 425 347 455 la
387 435 414 454 r.

274 467 360 508 Opus
376 469 420 497 est
430 465 540 503 facere
554 465 672 504 aliquid
689 466 719 496 G
737 466 796 505 vii,
811 469 863 497 54.

273 512 374 540 Orare
400 518 468 538 cum
489 507 604 546 aliquo,
629 517 690 547 per
720 518 839 547 preces
871 517 970 548 agere

315 561 390 582 cum
408 560 460 587 eo,
475 559 551 579 cnm
570 550 701 588 precari
715 550 742 580 C
759 551 782 587 i,
797 554 850 581 22.

276 593 370 624 Orbis
385 592 418 621 iu
437 591 553 631 praelio
570 590 627 621 Af.
642 594 691 621 15.
737 592 839 622 orbern
846 591 972 629 faciunt

315 635 347 666 G
364 634 408 673 iv,
421 636 472 664 37.
509 637 568 663 aut
583 633 616 663 in
631 633 733 664 orbem
755 634 923 664 consistunt
940 636 972 666 G

314 686 348 716 v,
369 679 422 707 33.
460 675 565 706 autin
587 675 690 705 orbem
712 679 852 715 pugnant
875 675 973 708 A40.

314 719 385 761 qui,
401 718 458 749 ubi
475 718 517 748 ab
533 717 686 748 hostibus
703 717 807 748 cincti
834 722 922 757 sunt,
936 718 974 749 iis

314 771 583 804 quaquaversum
609 759 756 791 frontem
779 759 976 802 obvertunt,

315 809 355 836 ut
380 814 423 836 ex
452 803 608 835 omuibus
628 802 783 843 partibus
811 807 975 842 pugnent.

314 847 492 878 Interdum
509 846 558 877 sic
584 846 617 876 iu
633 844 750 876 orbem
765 845 975 886 pugnabant,

315 894 354 921 nt
371 899 438 920 una
453 889 572 920 cohors
590 888 762 928 paululum
780 891 976 928 procurreret

315 933 478 964 adversus
494 933 627 962 hostem
643 931 675 962 G
693 941 724 969 v,
739 933 792 962 3-1.
835 930 907 961 sive.
923 941 976 962 ex·

319 977 441 1006 cederet
457 985 497 1005 ex
511 974 583 1005 orbe
600 973 631 1004 G
648 983 680 1012 v,
694 975 747 1004 35.

275 1018 469 1056 Ordinatim,
479 1016 653 1047 ordinibus
667 1014 843 1046 instructis
854 1013 912 1046 Af.
924 1018 976 1047 12.

275 1061 375 1099 Ordo,
399 1060 552 1090 centuria
579 1059 611 1089 G
635 1058 656 1097 i,
670 1061 724 1098 40,
739 1061 792 1089 41.
827 1056 865 1087 C.
887 1057 910 1096 i,
927 1061 978 1090 13.

316 1102 352 1141 ii,
375 1104 428 1133 28.
463 1101 555 1131 Hinc
571 1101 694 1131 ordines
713 1099 810 1140 primi
825 1099 856 1130 G
874 1108 909 1138 v,
923 1102 978 1140 28,

316 1147 370 1176 44.
407 1143 573 1175 centuriae
586 1143 702 1183 primae
718 1142 860 1182 alicujus
873 1142 978 1182 legio-

318 1187 372 1218 nis
385 1197 393 1218 :
429 1191 465 1217 et
477 1185 652 1225 inferiores,
665 1185 786 1226 quibus
803 1194 979 1225 opponun-

317 1234 375 1261 tur
402 1229 574 1269 superiores
596 1228 629 1259 G
650 1228 695 1267 vi,
718 1230 782 1258 40:
823 1232 858 1258 et
878 1228 980 1269 infimi

318 1272 358 1303 (Σ.
375 1272 410 1312 ii,
434 1275 488 1302 35.
532 1270 653 1312 quibus
667 1270 786 1301 honesti
801 1280 979 1310 opponun-

318 1318 387 1346 tur.
405 1313 460 1346 Cf.
487 1314 617 1354 amplus.
654 1312 732 1354 Spes
755 1312 874 1344 ordinis
899 1313 980 1344 olim

317 1357 480 1396 ducendi,
494 1356 580 1387 facit
596 1355 636 1386 iis
654 1365 762 1396 spem,
778 1354 851 1386 fore
874 1360 913 1387 ut
928 1365 980 1387 or-

318 1399 392 1431 dini
415 1409 441 1431 s.
457 1399 623 1430 centuriae
646 1396 878 1439 praeficiantur
905 1398 933 1430 C
960 1398 982 1438 i,

318 1445 352 1473 3.
398 1442 464 1472 Sed
497 1442 529 1473 G
555 1451 590 1480 v,
613 1443 666 1472 30.
683 1441 775 1480 vi,7.
820 1442 894 1472 ordo
919 1441 983 1481 pri-

317 1494 387 1515 mus
400 1489 453 1515 est
475 1493 537 1524 per
552 1483 804 1523 metonymiam,
818 1483 982 1516 Centurio

318 1527 419 1568 primi
447 1526 586 1557 ordinis.
633 1526 761 1557 Rursus
777 1526 915 1566 ordines,
932 1535 982 1556 se-

320 1570 386 1600 ries
401 1569 545 1600 militum
574 1569 607 1598 in
628 1568 700 1599 acie
729 1568 760 1598 G
784 1568 830 1607 iv,
847 1571 900 1599 33.
946 1573 982 1599 et

314 1612 413 1653 primi
438 1612 574 1650 ordines,
599 1610 656 1651 qni
683 1610 828 1650 primum
852 1611 886 1641 in
909 1611 981 1642 acie

320 1656 431 1685 locum
446 1658 629 1693 occupant.
678 1653 811 1683 Ordines
839 1652 982 1693 (strata)

317 1697 470 1737 cespitum
486 1697 518 1727 G
542 1706 574 1734 v,
598 1698 651 1726 51.
695 1695 819 1725 ordines
843 1696 982 1735 (strata)

320 1740 453 1769 cratium
470 1739 497 1769 C
515 1738 548 1775 ii,
564 1740 595 1767 2.

279 1781 382 1821 Oriri,
409 1781 516 1817 Belgae
531 1780 674 1810 oriuntur
689 1778 727 1809 ab
749 1778 899 1810 extremis
903 1779 983 1821 fini-

319 1824 375 1854 bus
392 1824 435 1854 G.
452 1823 499 1853 ibi
514 1827 568 1853 est
581 1821 713 1852 initium
728 1822 855 1862 Belgiae
871 1822 902 1853 G
917 1823 938 1862 i,
951 1825 980 1853 l.

279 1868 473 1898 Ornamenta
515 1865 754 1905 elephantorum,
796 1871 981 1905 apparatus

321 1910 441 1944 omnis,
464 1918 528 1948 quo
559 1907 680 1938 instrui
705 1907 818 1938 solent
843 1906 900 1939 Af.
928 1911 981 1939 86.

320 1951 456 1982 Ibidem
474 1953 600 1981 ornatus
616 1949 803 1988 elephantus.

282 1994 403 2024 Ornare
430 1992 556 2033 equites,
585 1992 753 2022 instruere
795 1990 908 2029 rebus,
939 1991 982 2022 ad

321 2040 515 2077 equestrem
541 2034 697 2065 militiam
727 2034 924 2064 necessariis
951 2034 982 2064 A

321 2082 376 2110 50.
423 2078 521 2109 Unde
537 2080 648 2107 ornata
663 2075 745 2106 omni
757 2086 871 2115 genere
886 2087 984 2107 armo-

320 2131 391 2152 rum
405 2120 494 2151 nat-is
510 2120 540 2151 G
554 2120 600 2156 iii,
618 2122 669 2149 14.

282 2164 465 2202 Ostendere,
493 2161 683 2203 significare
722 2161 784 2202 Gi,
801 2164 834 2202 S,
854 2164 905 2192 19.
955 2161 983 2193 C

324 2207 347 2246 i,
361 2209 393 2238 6.

282 2249 450 2280 Ostentare
462 2248 594 2287 aliquem
610 2247 641 2278 G
659 2256 690 2285 v,
706 2249 760 2278 41.

282 2291 459 2322 Ostiarium
475 2291 513 2322 C.
532 2290 580 2329 iii,
597 2292 651 2321 32.

282 2334 403 2370 Otium,
428 2343 508 2373 pax,
535 2332 778 2373 tranquillitas.
821 2332 861 2363 ad
886 2331 984 2363 otium

319 2376 431 2418 profici
446 2376 478 2407 G
498 2375 553 2414 vii,
568 2378 622 2405 66.
665 2376 705 2405 ad
720 2377 816 2405 otium
830 2375 939 2406 deduci
955 2375 983 2406 C

323 2419 348 2460 i,
363 2422 396 2451 6.
438 2418 631 2450 diuturnitas
645 2417 704 2448 otii
721 2418 748 2449 C
764 2417 798 2459 ii,
811 2420 864 2449 36.

619 2545 649 2576 Ρ

283 2631 446 2670 Pabulum,
463 2630 624 2662 alimenta
646 2630 879 2670 jumentorum
902 2629 934 2661 G
964 2629 987 2669 i,

328 2677 379 2705 16.
427 2673 516 2705 Hinc
529 2673 684 2713 pabulari,
699 2673 877 2713 conquirere
890 2672 985 2712 pabu-

327 2715 390 2745 lum
406 2716 436 2746 G
453 2716 476 2755 i,
494 2719 545 2746 15.
570 2716 640 2755 viii,
657 2719 709 2747 10.
745 2721 780 2746 et
793 2715 964 2756 pabulatio.

286 2756 432 2798 Pacatus,
446 2762 584 2789 coactus
601 2768 721 2798 pacem
738 2757 852 2790 facere
870 2762 905 2789 et
921 2766 986 2788 ser-

925 199 1084 231 INDEX

1065 303 1159 336 vare,
1173 298 1208 327 et
1221 293 1396 337 quiescere
1409 293 1442 326 G
1459 293 1482 333 i,
1497 296 1528 327 6.
1553 294 1588 336 ii,
1604 297 1635 327 1.

1022 338 1142 379 Pagus,
1157 347 1236 379 pars
1261 338 1410 369 civitatis
1436 337 1467 367 G
1491 337 1514 375 i,
1531 340 1584 377 12,
1600 340 1653 369 37.
1675 335 1723 378 vi,

1065 384 1117 413 11.
1162 382 1207 412 Et
1223 380 1255 412 G
1272 381 1295 417 i,
1311 384 1363 412 12.
1388 385 1625 420 permutantur
1640 380 1725 411 invi-

1065 433 1139 454 cem
1155 433 1253 461 pagus
1270 423 1452 454 Helveticus
1478 428 1513 453 et
1528 432 1600 462 pars
1615 422 1724 453 cirita-

1064 466 1106 496 iis
1133 465 1317 496 Heleeticae.
1364 465 1617 506 Metapbrastes
1641 474 1725 505 graz-

1066 517 1126 539 cus
1142 507 1243 546 φυλὰς
1259 508 1501 547 interpretatus
1517 512 1580 539 est.

1024 550 1245 581 Paludamenti
1261 550 1355 580 color
1372 549 1402 580 G
1420 550 1478 588 vii,
1501 553 1554 580 88.
1600 548 1657 579 Af.
1673 551 1725 580 57.

1024 594 1177 624 Panicum
1200 592 1227 623 C
1253 592 1289 630 ii,
1306 594 1359 623 22.
1407 591 1554 622 Omnino
1576 597 1629 622 est
1654 600 1727 630 gra-

1068 645 1156 673 men,
1183 634 1297 665 ferens
1323 634 1461 674 spicam,
1491 634 1674 664 seminibus
1699 642 1728 663 s.

1069 678 1216 718 granulis
1231 678 1486 717 locupletatam,
1503 686 1521 706 e
1539 675 1674 716 quibus,
1690 678 1729 705 ut

1068 729 1086 749 e
1103 720 1197 750 milio
1221 720 1376 758 (Hir-sen,
1404 718 1609 758 Selia-adm),
1632 717 1728 749 cibus

1070 762 1183 801 parari
1200 767 1315 801 potest
1331 762 1455 792 varius.

1027 803 1094 833 Par
1109 807 1199 842 atque
1216 804 1248 834 G
1265 804 1287 842 i,
1301 806 1355 834 28.
1401 808 1438 834 ut
1452 803 1570 843 pariter
1583 813 1630 833 ac.

1027 845 1176 883 Paratus,
1197 845 1310 876 animo
1340 843 1497 883 affectus,
1520 846 1565 875 sic
1587 847 1729 884 paratus,

1069 897 1110 918 eo
1125 888 1234 918 animo
1250 888 1277 919 C
1294 887 1316 925 i,
1331 890 1384 918 75.
1429 887 1474 918 cf.
1490 887 1521 917 G
1537 887 1606 926 viii,
1619 890 1672 918 28.

1026 930 1213 970 Parentare,
1239 929 1274 960 in
1297 929 1421 960 mortui
1448 930 1610 960 bonorem
1634 937 1730 959 sacra

1069 971 1198 1012 facere,
1215 977 1253 1003 ut
1265 973 1438 1013 placetur:
1470 971 1560 1002 unde
1576 971 1609 1003 G
1623 971 1682 1012 vii,
1696 974 1729 1003 7.

1070 1020 1240 1047 mortuum
1252 1015 1345 1046 caede
1360 1014 1500 1045 alterius
1516 1013 1644 1045 ulcisci.

1027 1058 1169 1098 Pariter,
1194 1058 1305 1097 simul,
1328 1057 1447 1088 eodem
1468 1061 1621 1097 tempore
1637 1056 1665 1087 C
1681 1055 1731 1094 iii,

1070 1103 1124 1132 52.
1168 1100 1226 1131 Sic
1253 1105 1290 1131 et
1322 1100 1449 1132 Justin.
1485 1100 1566 1139 xvii,
1590 1101 1622 1130 2.
1647 1098 1729 1130 Sall.

1071 1142 1151 1183 Jug.
1163 1146 1217 1174 68.

1029 1184 1123 1224 Pars,
1138 1185 1231 1225 regio
1248 1185 1280 1216 G
1296 1185 1341 1224 iv,
1357 1187 1410 1216 31.
1443 1184 1576 1223 civitas,
1589 1183 1682 1215 natio
1696 1182 1728 1213 G

1073 1227 1123 1267 iii,
1138 1231 1190 1258 10.
1234 1237 1310 1257 meae
1330 1230 1436 1266 partes
1459 1229 1600 1257 constant
1624 1227 1658 1257 in
1673 1226 1732 1256 mi—

1071 1269 1241 1300 sericordia
1257 1270 1284 1300 C
1301 1269 1323 1308 i,
1337 1272 1390 1300 85.

1033 1312 1170 1349 Partim,
1182 1313 1258 1343 item
1273 1312 1308 1344 H
1325 1314 1378 1343 37.
1423 1311 1560 1350 Partim,
1575 1314 1606 1342 et
1621 1310 1651 1341 A
1666 1312 1721 1342 29.

1031 1355 1201 1393 Part-ulus,
1216 1355 1281 1386 hoc
1309 1354 1546 1385 diminutivum
1572 1352 1732 1394 frequens

1075 1398 1227 1428 occurrit
1241 1397 1274 1428 G
1289 1407 1324 1436 v,
1340 1399 1394 1435 50,
1411 1399 1463 1428 52.
1482 1396 1552 1434 viii,
1568 1399 1619 1427 13.
1643 1396 1671 1428 C
1686 1394 1733 1433 iii,

1074 1442 1129 1479 72,
1144 1443 1216 1471 104.
1240 1438 1297 1471 Af.
1313 1442 1368 1477 37,
1380 1442 1435 1476 54,
1451 1441 1503 1476 63,
1517 1442 1571 1470 87.

1033 1482 1155 1513 Parrus
1171 1482 1304 1513 Senator
1319 1480 1378 1512 Af.
1396 1484 1448 1512 57.

1033 1524 1216 1562 l'atesacere
1243 1525 1316 1563 iter,
1340 1523 1467 1563 facere,
1483 1527 1521 1554 ut
1543 1531 1607 1562 per
1621 1521 1733 1553 locum

1075 1572 1111 1597 et
1127 1567 1159 1596 in
1183 1576 1259 1597 enm
1286 1566 1394 1597 libere
1417 1574 1607 1596 commeare
1632 1564 1735 1596 liceat

1075 1609 1248 1640 mercandi
1265 1618 1366 1640 causa
1381 1608 1413 1639 G
1424 1608 1471 1648 iii,
1487 1611 1517 1639 1.

1033 1651 1152 1681 Patens
1162 1652 1254 1689 locus,
1268 1661 1334 1681 nou
1348 1650 1497 1680 munitus
1512 1649 1543 1681 G
1555 1649 1579 1688 i,
1596 1652 1650 1681 10.

1033 1694 1133 1723 Pater
1141 1693 1280 1731 sanzilioe
1293 1693 1323 1724 G
1342 1693 1388 1732 vi,
1404 1695 1454 1722 19.

1032 1735 1164 1766 Patiens
1190 1734 1247 1765 Af.
1277 1738 1332 1766 31.
1390 1733 1565 1773 Patientia,
1605 1733 1632 1764 si
1660 1732 1735 1774 quis

1077 1787 1180 1818 parco
1206 1778 1296 1808 victu
1323 1781 1360 1808 et
1385 1777 1471 1808 duro
1500 1777 1580 1808 vitae
1610 1784 1734 1817 genere

1077 1820 1185 1850 utitur
1199 1820 1230 1851 G
1244 1820 1289 1858 vi,
1305 1822 1359 1851 2-1.

1034 1862 1236 1893 Patrocinari
1253 1863 1286 1893 H
1304 1865 1358 1893 29.

1033 1905 1157 1936 Paucas
1171 1915 1316 1936 numerus
1327 1904 1383 1936 Af.
1400 1906 1454 1935 67.
1513 1925 1516 1928 -

1032 1947 1251 1978 Pan-inuentum
1267 1948 1295 1978 C
1312 1948 1359 1984 iii,
1377 1950 1449 1978 105.
1472 1945 1503 1977 A
1521 1948 1551 1977 1.

1035 1990 1195 2020 Paulatim
1209 1990 1333 2020 acclivis
1349 1990 1379 2021 G
1398 1989 1432 2025 ii,
1449 1992 1480 2019 8.
1497 1988 1544 2027 iii,
1560 1990 1612 2019 19.
1625 1987 1732 2027 paula-

1076 2032 1133 2062 tim
1147 2032 1341 2073 distributus,
1363 2032 1397 2063 in
1413 2031 1553 2071 exiguas
1570 2035 1685 2071 partes
1701 2030 1733 2061 G

1078 2075 1135 2105 viii
1168 2078 1219 2105 15.

1034 2098 1228 2156 Ριιηίοῑιιοιι
1255 2120 1420 2157 sequente
1442 2114 1675 2154 comparativo
1701 2113 1734 2145 G

1077 2159 1134 2197 vii,
1148 2162 1201 2190 45.
1243 2161 1335 2200 paulo
1350 2158 1434 2195 infra
1449 2158 1481 2188 G
1498 2157 1544 2196 iv,
1559 2160 1613 2189 36.
1659 2157 1735 2188 Usi-

1077 2202 1180 2233 tatius
1198 2206 1262 2241 est,
1279 2201 1380 2241 paulo
1396 2199 1549 2232 inferius.

1033 2244 1180 2285 Peccare,
1192 2243 1234 2276 de
1250 2244 1388 2285 injuria,
1401 2252 1475 2284 quae
1492 2241 1592 2273 alteri
1607 2241 1649 2274 fit
1663 2241 1695 2274 G
1710 2241 1734 2282 i,

1033 2329 1173 2369 Pedalie,
1188 2338 1325 2370 aequans
1351 2326 1618 2368 magnitudinem
1640 2325 1736 2367 pedis

1076 2373 1109 2404 G
1126 2373 1172 2412 iii,
1191 2374 1242 2403 13.

1033 2416 1135 2447 Pedes
1150 2418 1185 2446 et
1198 2423 1305 2455 passus
1320 2411 1585 2452 confunduntur,
1607 2411 1686 2452 quia
1700 2409 1734 2440 in

1077 2457 1180 2489 codd.
1217 2456 1452 2497 saepeliterap
1469 2454 1674 2486 iudicantur.
1699 2461 1733 2482 v.

1077 2499 1269 2532 Guiscbard
1299 2498 1404 2530 mem.
1431 2498 1510 2529 crit.
1535 2507 1570 2539 p.
1593 2498 1667 2527 253.
1689 2493 1732 2524 ad

1036 2585 1197 2624 Pedestre,
1222 2586 1388 2615 terrestre
1411 2583 1438 2615 C
1467 2581 1503 2621 ii,
1530 2582 1583 2611 32.
1619 2577 1651 2609 Α
1678 2580 1732 2609 26.

1079 2637 1204 2669 oppon.
1221 2626 1402 2657 maritimo.
1681 2662 1699 2668 ..

1037 2671 1144 2710 Peltis,
1158 2670 1273 2700 milites
1283 2669 1338 2699 sub
1351 2666 1492 2708 pellibu3‚
1507 2664 1541 2695 in
1565 2665 1733 2702 tentoriis,

1078 2713 1224 2754 pellibus
1250 2711 1341 2742 enim
1366 2707 1513 2740 tentoria
1534 2706 1732 2745 integuntur

1080 2756 1112 2786 G
1139 2755 1185 2795 iii,
1200 2757 1253 2785 29.
1296 2751 1350 2783 sub
1374 2749 1502 2790 pellibus
1530 2749 1674 2789 hyemare
1704 2747 1732 2778 C
