1872 3104
256 163 369 205 1968
719 176 761 206 e.
791 175 828 206 s.
860 174 1079 206 cAESAms
1112 175 1246 206 νιτΑ.

255 270 410 320 Βροῦτος
425 273 437 295 ⁵
467 269 514 316 ἦν
533 271 552 307 ὁ
571 274 711 308 κτείνας
731 271 843 309 αὐτὸν
863 272 1025 320 ὕστερον,
1050 272 1102 322 ἐφ’
1122 269 1149 323 ᾦ
1170 274 1323 319 λέγεται
1343 273 1393 321 μὴ
1412 276 1622 322 φαινομένῳ
1640 274 1711 322 μὲν

254 337 480 382 ἁγωνιάσαι,
510 337 684 373 σωθέντος
705 334 745 372 δὲ
765 337 824 372 καὶ
850 339 1159 384 παραγενομένου
1178 335 1263 383 πρὸς
1283 336 1395 372 αὑτὸν
1414 337 1570 380 ἡσθῆναι
1589 334 1712 387 διαφε-

255 415 398 448 ροντως.

780 557 930 599 CAP.
982 557 1188 599 XLVII.

347 655 516 687 Trallibus
533 656 644 696 palma
659 660 738 687 nata
754 661 789 687 et
806 656 846 687 C.
864 656 1015 688 Cornelii
1032 657 1228 688 vaticinium
1245 657 1287 688 de
1305 657 1450 688 Caesaris
1468 657 1621 688 victoria.

311 743 476 793 Σημείων
511 741 551 779 δὲ
581 745 733 779 πολλῶν
753 746 968 792 γενομένων
988 750 1047 785 τῆς
1069 747 1178 787 νίκης,
1200 744 1496 793 ἐπιφανέστατον
1518 743 1713 790 ἱστορεῖται

261 807 300 843 τὸ
321 807 401 856 περὶ
420 805 633 854 Τράλλεις.ι
702 805 766 842 Ἐν
797 807 869 853 γὰρ
901 805 982 855 ἱερῷ
1011 805 1126 849 Νίκης
1156 803 1305 852 ἀνδριὰς
1334 806 1490 850 εἱστήκει
1511 806 1714 854 Καίσαρος,

260 872 318 907 καὶ
332 870 378 908 τὸ
399 871 480 918 περὶ
511 869 599 907 αὐτὸ
630 872 769 919 χωρίον
789 870 877 905 αὑτό
896 884 935 905 τε
957 867 1106 916 στερεὸν
1125 873 1244 917 φύσει,
1267 869 1325 903 καὶ
1343 870 1434 917 λίθω
1455 870 1594 918 σκληρῷ
1615 883 1716 905 κατε-

262 938 471 985 στρωμένον
491 932 535 977 ἦν
556 935 709 970 ἄνωθεν·
741 933 779 969 ἐκ
799 932 924 969 τούτου
943 934 1122 978 λέγουσιν
1143 933 1341 968 ἀνατεῖλαι
1361 937 1507 982 φοίνικα
1528 933 1626 980 παρὰ
1652 933 1717 976 τὴν

259 997 375 1044 Ιιῖἷιίσιν
396 1002 457 1034 τοῦ
477 995 706 1044 ἀνδριάντος.
761 996 826 1032 Ἐν
857 994 898 1031 δὲ
929 994 1114 1046 Παταβίῳ
1134 994 1244 1032 Γάϊος
1264 995 1480 1044 Κορνήλιος,
1503 997 1595 1042 ἀνὴρ
1615 994 1717 1033 εὑδό-

263 1076 361 1109 κιμος
394 1061 453 1097 ἐπὶ
489 1063 662 1110 μαντικῇ,
702 1057 848 1103 Λιβίου
879 1063 940 1095 τοῦ
979 1062 1220 1109 συγγραφέως
1250 1061 1399 1103 πολίτης
1432 1060 1489 1094 καὶ
1524 1063 1715 1107 γνώριμος,

261 1125 475 1174 ἐτύγχανεν
509 1123 563 1159 ἐπ’
599 1124 740 1159 οἰωνοῖς
771 1123 973 1170 καθήμενος
1001 1122 1146 1167 ἐκείνην
1175 1124 1241 1166 τὴν
1269 1122 1422 1170 ἡμέραν.
1480 1119 1555 1156 Καὶ
1576 1127 1717 1170 πρῶτον

261 1189 344 1236 μὲν,
380 1190 424 1225 ὡς
457 1185 596 1233 Λίβιός
627 1194 727 1237 φησι,
761 1185 824 1223 τὸν
858 1186 982 1233 καιρὸν
1015 1186 1113 1232 ἔγνω
1151 1191 1210 1228 τῆς
1248 1185 1383 1236 μάχης,
1422 1186 1480 1221 καὶ
1515 1184 1599 1241 πρὸς
1638 1185 1719 1222 τοὺς

260 1252 444 1300 παρόντας
465 1251 546 1301 ἔφη,
568 1249 624 1286 ὅτι
645 1251 703 1286 καὶ
721 1248 764 1294 δὴ
784 1253 1000 1299 περαίνεται
1020 1249 1060 1286 τὸ
1092 1258 1232 1299 χρῆμα,
1254 1251 1312 1284 καὶ
1342 1252 1518 1285 συνίασιν
1538 1251 1588 1285 εἰς
1608 1250 1719 1298 ἔργον

261 1315 295 1352 οἱ
315 1313 455 1363 ἄνδρες.
513 1311 630 1351 Αὖθις
656 1312 697 1350 δὲ
723 1314 809 1361 πρὸς
840 1317 883 1364 τῇ
915 1315 983 1361 θέᾳ
1015 1314 1227 1362 γενόμενος,
1248 1313 1370 1348 καὶτὰ
1392 1317 1527 1361 σημεῖα
1548 1310 1718 1356 κατιδὼν,

261 1380 427 1423 ιἰνήλατο
444 1379 521 1427 μετ’
542 1379 826 1426 ἐνθουσιασμοῦ,
847 1375 962 1423 βοῶν·
992 1375 1121 1425 Nix-(js,
1151 1372 1177 1411 ὦ
1205 1375 1368 1424 Καῖσαρ.
1435 1375 1722 1422 Ἐκπλαγέντων

262 1441 303 1478 δὲ
322 1449 394 1480 τῶν
413 1442 717 1491 παρατυχόντων,
738 1442 919 1488 περιελὼν
939 1440 1003 1476 τὸν
1024 1441 1207 1490 στέφανον
1237 1438 1311 1475 ἀπὸ
1345 1447 1405 1482 τῆς
1434 1441 1602 1488 κεφαλῆς,
1635 1438 1722 1474 ἑνω-

262 1507 378 1554 μότως
397 1507 477 1555 ἔφη,
498 1507 548 1554 μὴ
569 1505 653 1552 πρὶν
672 1504 916 1547 ἐπιθήσεσθαι
942 1503 1068 1547 πάλιν,
1086 1502 1107 1546 ἢ
1127 1500 1214 1555 τῇδε
1234 1504 1277 1554 τῇ
1297 1504 1410 1552 τέχνῃ
1431 1510 1660 1551 μαρτυρῆσαι
1680 1501 1720 1539 τι)

263 1571 386 1617 ἔργον.
441 1567 571 1605 Ταῦτα
593 1567 662 1618 μὲν
682 1564 746 1603 οὖν
766 1567 784 1603 ὁ
804 1564 944 1613 Λίβιος
964 1565 1054 1603 οὕτω
1076 1567 1253 1614 γενέσθαι
1273 1563 1602 1611 καταβεβαιοῦται.

772 1746 808 1787 C
824 1746 865 1786 A
880 1746 933 1787 P.
980 1745 1213 1787 XLVIII.

269 1860 383 1889 (jaesar
407 1857 608 1897 Pompeium
640 1855 869 1897 persequitur,
893 1854 1058 1885 Thessalis
1086 1854 1220 1885 interim
1249 1859 1283 1884 et
1306 1853 1466 1885 Asiaticis
1495 1852 1723 1885 benefaciens.

309 1909 551 1941 Alexandriam
578 1914 678 1940 vecto
705 1908 859 1948 Pompeii
875 1913 979 1948 caput
1006 1911 1042 1939 et
1070 1907 1215 1947 sigillum
1243 1905 1393 1938 affertur.
1441 1906 1636 1937 Clementer
1653 1906 1725 1946 agit

308 1973 383 1993 cum
399 1961 510 2002 captis
527 1961 685 2001 Pompeii
702 1961 829 1991 amicis.
862 1960 940 1991 Sive
957 1964 1099 2000 propter
1115 1960 1308 1999 Cleopatrae
1322 1969 1481 1999 amorem,
1497 1959 1567 1990 sive
1583 1965 1724 2000 propter

310 2014 449 2046 Pothini
463 2013 612 2053 insidias,
628 2013 660 2043 in
678 2012 802 2043 bellum
816 2011 1082 2042 Alexandrinum
1100 2011 1231 2042 incidit.

320 2093 471 2143 Καῖσαρ
492 2092 546 2138 δὲ,
568 2096 616 2144 τῷ
635 2092 836 2131 Θετταλῶν
855 2093 953 2129 ἔθνει
968 2094 977 2110 ¹
1010 2094 1076 2136 τὴν
1104 2093 1320 2140 ἐλευθερίαν
1339 2092 1488 2128 ἀναθεὶς
1508 2091 1723 2139 νικητήριον,

926 2196 1064 2228 NOTAE

309 2277 327 2304 5
352 2273 492 2314 Brutus]
535 2273 693 2305 sussen-at
723 2272 838 2304 Caesar
862 2271 967 2302 duces
1023 2271 1269 2313 quodammodo
1295 2271 1359 2302 sibi
1386 2275 1599 2312 persuaserat
1622 2281 1664 2302 ex
1689 2280 1724 2302 se

266 2334 356 2363 suos,
374 2327 410 2354 ut
437 2324 546 2354 Bruto
569 2323 602 2353 iu
632 2322 751 2362 pr‘aelio
777 2327 970 2362 parcerent,
1023 2327 1146 2353 natum.
1192 2323 1285 2352 Plut.
1303 2322 1402 2353 Brut.
1419 2331 1450 2352 c.
1465 2325 1495 2352 5.

268 2373 327 2405 sed
343 2373 385 2404 ad
402 2382 437 2403 se
454 2372 693 2413 perducerent,
709 2372 735 2401 si
753 2371 889 2413 quidem
917 2382 969 2401 vo-

267 2425 339 2455 lens
356 2428 566 2464 sequeretur,
583 2423 632 2452 sin
659 2426 876 2462 repugnaret,
893 2421 968 2451 mis-

269 2483 341 2504 sum
366 2472 528 2504 facerent.
585 2472 660 2502 Hoc
688 2481 763 2501 euni
791 2470 906 2501 ferunt
936 2471 968 2500 iu

267 2522 432 2558 Serviliae,
464 2521 560 2551 Bruti
592 2520 720 2558 matris,
751 2521 893 2559 gratiam
921 2520 969 2551 fe-

268 2573 355 2603 cisse
370 2582 378 2610 ;
413 2581 488 2601 cuin
506 2580 581 2611 qua,
605 2570 720 2600 insano
736 2570 839 2610 ipsius
857 2580 969 2601 amore

269 2626 439 2661 correpta,
457 2621 591 2660 juvenis
608 2619 714 2650 adhuc,
732 2630 800 2650 rem
818 2620 970 2651 habuisse
1068 2623 1084 2651 l
1111 2620 1265 2651 Thessali
1291 2629 1309 2650 a
1330 2617 1474 2650 Caesaris
1491 2614 1642 2656 partibus
1658 2618 1722 2645 stc-

273 2671 428 2709 tradstur,
458 2676 493 2701 et
527 2672 684 2709 Brutum,
723 2681 788 2712 quo
827 2672 971 2702 maxime
1025 2675 1151 2701 terant.
1195 2669 1287 2710 App.
1303 2677 1342 2699 11.
1357 2669 1408 2697 88.
1454 2665 1722 2696 Cf.etiamCaes.

272 2725 424 2760 tempore
441 2729 533 2750 amor
557 2721 620 2751 iste
645 2719 814 2761 flagravit,
829 2721 971 2760 editum,
1026 2720 1068 2751 B.
1085 2720 1124 2750 C.
1143 2727 1198 2750 ιιι.
1214 2721 1265 2749 31.
1283 2720 1334 2749 86.
1351 2720 1384 2746 et
1402 2718 1454 2746 87.

1069 2398 1082 2425 l
1108 2392 1273 2434 Τράλλεις]
1297 2395 1498 2425 Portentum
1517 2393 1580 2426 boc
1598 2392 1724 2425 Plinius

1025 2453 1117 2475 xvn.
1135 2448 1187 2475 25.
1205 2450 1239 2475 ct
1256 2454 1331 2474 cum
1349 2445 1386 2475 (ἶ.
1403 2444 1552 2475 Cornelii
1566 2441 1723 2473 vaticinio

1024 2496 1092 2527 Dio
1109 2495 1243 2526 Cassius
1261 2495 1283 2525 l.
1299 2498 1351 2525 41.
1377 2495 1502 2535 aliique
1526 2501 1723 2525 commemo-

1025 2551 1152 2578 rarunt.
