1872 3104
614 173 820 206 No‘m'rrA
855 173 1065 203 GALmAE.
1466 163 1577 206 2001

132 270 272 324 prima
292 268 603 315 Narbonensis,
625 271 668 307 et
697 267 838 320 prima
861 264 1130 319 Aquitania?
1184 263 1313 314 Quod
1336 278 1433 306 vero
1464 267 1580 319 Lug-

132 335 335 377 dunensis
356 334 583 387 primatem
603 345 698 373 sese
728 334 878 373 vocari
912 332 1117 384 gaudeat,
1146 345 1353 384 nuperum
1386 337 1429 372 et
1460 334 1581 373 novi-

131 404 236 443 tium
254 404 333 449 est,
347 405 389 441 et
408 400 469 440 illi
484 413 540 440 ex
553 400 764 441 beneficio
782 400 1011 440 Pontificis
1027 399 1157 439 Rom.
1171 398 1393 439 indultum.
1426 397 1582 452 Neque

131 473 272 508 tamen
292 479 451 507 novum
473 471 552 508 est.
594 465 713 506 Nam
727 466 984 506 Guilielmus
1001 466 1123 506 Brito
1144 466 1188 506 in
1207 479 1284 506 suo
1306 465 1582 519 Philippeide

131 535 191 575 ita
209 532 350 573 canit:

357 602 372 620 ‘
393 597 448 641 Et
469 599 781 652 Lugdunensis,
805 612 891 652 quo
913 598 1063 639 Gallia
1082 602 1173 640 tota
1194 599 1375 649 solebat,

391 666 455 708 Ut
472 668 591 708 fama
612 671 695 716 est,
718 667 909 707 Primate
930 665 1044 718 regi.'

128 734 191 776 At
209 735 376 788 primas
394 735 624 788 primatum
647 738 775 774 antea
794 733 882 773 dici
894 734 990 787 jure
1017 745 1100 773 non
1122 734 1276 785 potuit,
1299 734 1402 785 quia
1422 732 1583 773 nullam

128 802 311 855 primam
348 801 627 841 Provinciam
662 800 742 840 sub
783 813 829 839 se
863 800 1061 840 habebat.
1130 799 1388 839 Viennensis
1419 800 1582 852 primas

129 868 306 922 quidem
335 869 565 922 primatum
597 868 747 908 vocari
772 867 877 915 vult,
922 866 999 905 sed
1030 878 1208 905 causam
1229 869 1315 905 tam
1346 866 1430 914 ille,
1455 879 1584 918 quam

130 935 271 974 omnis
290 935 476 974 ecclesia
493 935 673 985 ignorat.
734 932 848 973 Haec
871 931 1030 972 divisio
1048 930 1307 981 Galliarum,
1328 937 1375 972 ut
1394 933 1585 972 omnium

130 1002 448 1054 antiquissima,
469 1002 529 1041 ita
549 1000 794 1040 certissima
815 999 941 1039 nobis
964 999 1183 1052 sequenda
1213 1003 1319 1048 erat,
1341 1012 1477 1052 neque
1497 999 1586 1039 ulla

128 1068 280 1108 melior
300 1068 530 1121 quaerenda
552 1080 579 1108 a
607 1067 735 1108 nobis
755 1070 859 1114 erat,
883 1068 921 1106 si
939 1067 1111 1118 integrae
1142 1067 1230 1106 illae
1252 1064 1419 1120 ἑξαρχίαι
1446 1065 1585 1107 adhuc

129 1133 286 1175 finibus
307 1133 446 1187 Regni
468 1134 734 1175 Francorum
756 1134 1088 1182 continerentur,
1110 1138 1157 1173 ut
1187 1134 1291 1173 olim
1315 1134 1396 1173 sub
1419 1132 1586 1173 Karolo

132 1199 311 1254 Magno,
343 1204 385 1240 et
417 1201 511 1255 ejus
544 1201 647 1250 filio,
682 1205 723 1241 et
754 1200 999 1252 nepotibus.
1062 1199 1151 1240 Sed
1176 1200 1277 1252 quia
1307 1213 1365 1240 ex
1391 1200 1466 1240 illo
1497 1213 1587 1241 am-

130 1267 331 1320 plissimo
348 1268 530 1320 imperio
549 1268 698 1308 multae
719 1267 966 1308 Provinciae
990 1267 1199 1308 detractae
1223 1271 1335 1316 sunt,
1354 1267 1442 1307 alia
1461 1267 1588 1307 nobis

129 1335 307 1375 tributio
336 1335 614 1375 instituenda.
672 1334 831 1375 Galliae
863 1335 990 1386 igitur
1021 1335 1113 1375 sive
1135 1334 1333 1374 Franciee
1364 1334 1589 1386 imperium

132 1405 234 1441 octo
270 1401 554 1442 tribunalibus
586 1405 857 1454 temperatur,
891 1414 988 1453 quae
1015 1400 1091 1453 jus
1132 1400 1312 1440 reddunt
1343 1399 1588 1440 Provinciis

129 1468 233 1517 suis,
257 1480 282 1507 a
302 1468 459 1521 quibus
479 1467 789 1508 Tribunalibus
809 1467 1065 1519 provocatio
1086 1479 1169 1506 non
1191 1472 1270 1506 est.
1331 1464 1527 1515 Quorum
1546 1469 1590 1507 et

130 1534 335 1588 majestas
357 1535 665 1587 augustissima
685 1537 764 1582 est,
781 1537 825 1573 et
843 1534 1078 1574 auctoritas
1099 1538 1394 1574 sacrosancta.
1437 1532 1589 1573 Parla-

131 1605 277 1641 menta
296 1600 416 1641 Gaui
437 1601 640 1641 idiomate
661 1613 743 1641 suo
762 1603 935 1641 vocant.
996 1599 1101 1640 Non
1114 1612 1347 1653 possumus
1369 1599 1590 1639 meliorem

130 1671 288 1707 nostrae
311 1668 552 1720 partitionis
573 1668 785 1708 rationem
816 1667 938 1716 inire,
962 1679 1090 1720 quam
1110 1667 1147 1706 si
1178 1667 1222 1706 in
1243 1671 1341 1706 octo
1363 1666 1458 1706 haec
1481 1665 1589 1706 Par-

131 1735 319 1775 lamenta
347 1747 471 1773 omne
504 1733 771 1774 Francorum
800 1747 979 1786 regnum
1011 1733 1219 1782 dividam,
1247 1738 1288 1772 et
1317 1746 1369 1772 ea
1403 1733 1447 1772 in
1479 1731 1590 1771 Pro-

132 1800 300 1841 vincias
320 1812 439 1841 suas²
472 1799 556 1840 Per
577 1799 834 1840 Provincias
857 1805 999 1840 autem
1020 1812 1122 1847 non,
1141 1804 1185 1838 ut
1204 1798 1347 1847 hodie,
1370 1811 1396 1838 a
1415 1798 1590 1850 regibus

131 1868 423 1916 instituuntur,
450 1868 554 1920 quia
584 1871 690 1919 quot
719 1879 856 1919 reges,
887 1871 949 1906 tot
979 1866 1239 1905 mutationes
1260 1864 1590 1904 Provinciarum

132 1937 174 1974 et
188 1935 378 1983 nomina,
401 1938 477 1974 aut
496 1935 700 1986 regimina
723 1946 870 1973 eorum
890 1933 1082 1973 oriuntur
1101 1947 1109 1970 ;
1161 1931 1238 1970 sed
1265 1943 1342 1983 per
1376 1930 1591 1971 dioeceses

134 2000 476 2042 Ecclesiasticas
497 2005 539 2041 et
560 1999 853 2054 Episcopatus
870 1998 1078 2053 procedet
1098 1998 1260 2038 divisio
1280 2003 1451 2038 nostra:
1487 1997 1593 2050 quia

134 2068 217 2108 hoc
250 2068 382 2108 modo
403 2081 489 2108 non
509 2068 781 2109 discedemus
802 2081 828 2108 a
850 2068 998 2120 prisca
1020 2065 1210 2105 Romani
1231 2065 1402 2117 imperii
1422 2063 1590 2104 notitia.

137 2133 270 2183 Quod
291 2134 330 2172 si
351 2134 528 2186 quidam
546 2135 647 2174 novi
681 2134 881 2187 episcopi
910 2133 1094 2173 instituti
1128 2136 1241 2180 sunt,
1265 2137 1337 2171 aut
1369 2130 1592 2183 Metropo-

136 2201 240 2248 litae,
280 2200 361 2239 hoc
399 2212 484 2240 non
521 2204 645 2240 nocet
679 2202 810 2241 veteri
850 2201 1065 2241 Romanae
1105 2199 1384 2251 dispositioni
1402 2211 1411 2237 z
1461 2196 1592 2238 modo

139 2270 307 2307 constet
337 2266 449 2306 unde
489 2266 554 2306 illi
588 2267 871 2320 episcopatus
903 2267 1091 2308 abscissi
1120 2267 1218 2306 sint.
1281 2264 1397 2305 Nam
1430 2270 1594 2305 certum

140 2336 220 2382 est,
253 2346 352 2373 cum
381 2334 665 2385 episcopatus
695 2335 798 2373 novi
828 2335 1114 2382 instituuntur,
1147 2338 1310 2373 veteres
1340 2332 1475 2372 minui
1502 2334 1593 2370 tan-

138 2403 245 2448 tum,
267 2405 473 2452 quantum
494 2412 551 2439 ex
585 2400 669 2440 illis
700 2399 946 2439 abscissum
976 2400 1020 2439 in
1040 2412 1199 2440 novam
1231 2398 1458 2440 dioecesim
1491 2409 1593 2436 con-

138 2466 289 2506 fertur.
346 2465 702 2506 vetustissimum
722 2467 846 2517 igitur
866 2466 1080 2506 Tribunal
1101 2465 1346 2506 Parisiense
1366 2469 1444 2512 est,
1460 2463 1592 2516 idque

141 2533 286 2584 primo
322 2533 495 2572 unicum
526 2532 570 2571 in
597 2545 726 2584 regno
753 2531 847 2580 fuit,
882 2536 925 2572 et
952 2532 1118 2584 reliqua
1138 2532 1194 2571 ad
1219 2532 1312 2585 ejus
1342 2529 1593 2582 exemplum
1646 2582 1651 2588 .

142 2599 409 2653 temporibus
429 2599 741 2652 posterioribus
759 2598 968 2639 instituta.

228 2676 341 2717 Delph.
354 2682 386 2707 et
406 2676 479 2708 γαν.
498 2677 580 2707 Clas.
834 2676 860 2704 C
863 2683 915 2705 αἐ.
1440 2675 1460 2704 5
1478 2671 1508 2704 L
