1872 3104
250 194 365 236 2046
690 203 945 236 RECENSUS
983 202 1261 234 Em‘rlouuiu

256 311 349 350 1471
387 305 530 344 Veneta
553 315 582 342 1.
603 304 671 342 fol.
692 319 755 355 ap.
777 305 863 342 Nic.
886 303 1181 341 tonson.-Vid.
1203 303 1376 341 Clement
1399 302 1498 340 Bibl.
1519 301 1704 348 curiense,

304 373 379 408 ὣς..
399 370 450 407 Τ.
473 380 534 406 vt.
557 383 596 419 p.
623 377 682 406 18.
715 370 858 406 Panzcr
877 370 926 405 T.
954 379 1024 405 ΠΙ.
1049 381 1086 417 p.
1110 367 1174 411 76.

256 440 356 477 1472
388 435 557 471 Romana
583 444 630 470 11.
668 433 734 469 sol.
768 433 849 469 sinc
870 432 928 469 tit.
962 444 1075 481 pugg.
1110 437 1208 467 cust.
1239 436 1275 467 et
1309 430 1407 480 sign.
1439 429 1600 480 Incipit:
1633 430 1706 466 ‘C.

306 498 398 536 Julii
436 496 612 534 Caesaris.
652 496 740 534 belli
779 496 915 546 gallici.
974 494 1281 532 Commentarius
1321 494 1494 531 l‘rinms:
1549 494 1593 530 In
1632 492 1708 530 fine

308 562 457 598 Comm.
490 559 535 596 de
570 560 670 597 bello
699 561 810 610 Hisp.
844 561 926 597 haec
948 560 1192 597 ascribuntur
1225 558 1359 595 verba:
1395 560 1532 595 ‘Anno
1554 556 1709 595 Christi.

307 635 357 660 M.
381 633 643 661 CCCCLXXII.
666 623 727 660 die
749 637 852 661 uero.
874 636 983 661 xxv.
1007 624 1141 661 mensis·
1169 623 1332 673 augusti.
1392 623 1511 659 Rome
1535 622 1572 658 iu
1594 621 1710 658 domo

305 687 408 724 Petri
427 686 476 723 de
499 686 705 723 Maximis!
759 687 948 724 Ultimum
985 686 1115 724 folium
1153 687 1270 723 habet
1307 687 1516 735 Epistulam
1551 686 1612 723 J0.
1635 686 1712 722 An-

307 750 408 788 (lreae
448 749 580 799 Episc.
617 749 721 786 Aler.
757 762 845 785 cum
882 750 1053 786 Elencllo
1087 751 1239 786 Comm.
1275 750 1437 786 Caesaris
1469 756 1505 786 ct
1539 749 1712 799 registro.

309 816 420 852 Hanc
440 813 648 850 editionem
683 813 866 863 principis
892 826 974 850 esse
995 813 1248 857 imitatricem,
1271 813 1323 849 ait
1344 812 1612 856 Au(liffi·edus;
1644 812 1716 849 (lif-

309 878 406 915 ferre
427 878 493 914 lias
515 877 610 913 inter
631 890 680 920 se,
708 875 863 925 judicat
884 875 1046 920 Quirini.
1080 877 1318 913 memoratur
1338 876 1508 912 Pauzero
1527 876 1576 913 T.
1601 885 1651 912 11.
1674 889 1712 925 p.

310 948 401 981 430.

264 1011 360 1049 1473
393 1004 742 1055 Argentoratensis.
766 1004 832 1041 fol.
855 1004 930 1042 sinc
951 1004 1039 1041 loco
1059 1009 1095 1040 et
1119 1003 1364 1054 typographo
1387 1003 1541 1053 quidem
1564 1008 1603 1040 at
1624 1003 1718 1040 cha-

310 1076 407 1107 ract.
440 1068 585 1116 gothic.
625 1068 760 1104 minor.
812 1068 931 1104 Henr.
969 1067 1199 1117 Eggenstein
1240 1067 1483 1116 Argentorati
1521 1080 1714 1117 expressa.

311 1133 474 1170 Constat
494 1131 592 1169 foliis
617 1138 726 1175 153.;
758 1145 922 1181 quorum
954 1132 1078 1180 priora
1100 1138 1162 1171 SQ.
1219 1131 1309 1169 Julii
1331 1131 1431 1169 Celsi
1454 1131 1566 1168 vitam
1589 1132 1718 1168 Caesa-

311 1197 377 1240 ris;
405 1197 551 1246 reliqua
573 1196 878 1234 Commentarios
899 1196 946 1233 de
969 1196 1069 1233 bello
1096 1195 1254 1232 Gallico
1274 1195 1480 1232 continent.
1528 1196 1571 1232 ln
1594 1195 1718 1232 media

313 1260 390 1298 fere
424 1261 500 1297 vita
534 1260 713 1305 Caesaris,
748 1259 815 1297 fol.
838 1265 888 1304 49
925 1266 1045 1304 recto,
1081 1262 1164 1296 liaec
1197 1266 1406 1296 occurrunt
1441 1259 1579 1296 verba:
1611 1263 1621 1278 ‘
1642 1259 1716 1296 Hic

313 1324 447 1373 incipit
467 1330 626 1361 octaxus
649 1323 1012 1360 commentariorum
1046 1322 1140 1360 liber
1175 1336 1287 1373 quem
1319 1322 1410 1360 fecit
1444 1322 1553 1359 iulius
1573 1322 1717 1359 celsus:

312 1395 455 1437 septem
477 1394 606 1424 autem
627 1387 768 1437 primos
801 1394 839 1424 et
871 1401 989 1437 usque
1009 1387 1056 1424 ad
1081 1388 1182 1424 bunc
1204 1400 1355 1437 passum
1379 1386 1468 1424 fecit
1497 1387 1578 1436 ipse
1599 1399 1719 1431 cesar,

314 1452 489 1502 quamvis
511 1452 571 1488 hic
592 1458 729 1489 auctor
760 1451 904 1500 aliquot
933 1451 968 1488 in
991 1451 1085 1489 locis
1107 1451 1337 1488 contradicit
1356 1456 1392 1488 et
1426 1450 1522 1487 male
1544 1450 1720 1488 cicerone

314 1521 409 1552 teste
426 1521 463 1552 ct
482 1515 566 1564 ipso
583 1515 685 1552 celso
703 1515 739 1551 in
759 1515 919 1564 prologo
938 1518 1119 1558 suo,’&c.
1137 1514 1204 1562 (cf.
1225 1528 1337 1564 supra
1355 1527 1394 1564 p.
1413 1517 1548 1561 (2042.)
1577 1515 1620 1551 In
1638 1514 1722 1564 ipso

315 1577 390 1616 tine
412 1579 582 1627 ejusdem
616 1579 771 1628 legitur:
822 1578 1014 1627 ‘Explicit
1035 1578 1158 1615 Liber.
1190 1579 1273 1615 Deo
1300 1578 1472 1623 Cruci-ds,
1500 1582 1576 1615 ἃς.
1608 1581 1721 1616 Anno

316 1642 406 1679 Dni.
431 1653 480 1679 M.
505 1653 626 1679 CCCC.
650 1653 756 1678 Lxx.
777 1641 943 1678 Tercio.'
990 1642 1210 1691 Sequuntur
1224 1642 1306 1691 juin
1330 1650 1473 1692 septeni
1497 1643 1532 1679 J.
1556 1642 1718 1680 Caesaris

316 1707 673 1743 commentariorum
697 1706 744 1742 de
767 1706 869 1742 bello
906 1705 1058 1742 Gallico
1094 1706 1181 1742 libri
1215 1706 1361 1755 ubsque
1392 1706 1516 1749 titulo,
1540 1719 1626 1743 cum
1650 1706 1721 1743 line

316 1769 623 1819 subscriptione:
655 1775 664 1789 ‘
684 1769 992 1818 Suprascriptos.
1017 1780 1097 1806 x'11.
1131 1769 1249 1806 libros
1271 1769 1318 1819 de
1340 1770 1441 1806 bello
1462 1770 1598 1818 gallico
1619 1783 1722 1808 com—

316 1833 444 1883 posuit
466 1833 544 1883 ipse
563 1845 681 1869 cesar.
727 1832 958 1882 Sequentenl
980 1839 1124 1869 autem.
1167 1833 1285 1870 Iulius
1309 1833 1434 1871 celsus
1456 1836 1595 1870 cesaris
1616 1833 1718 1870 sami-

316 1897 446 1934 liaris!
504 1897 563 1933 Ad
598 1897 745 1933 calcem
781 1896 866 1932 libri
900 1896 1027 1932 octavi
1059 1897 1142 1933 lucc
1173 1896 1325 1945 adjecta
1346 1904 1398 1933 est
1420 1897 1605 1934 formula:
1639 1897 1723 1934 ‘Fi-

318 1959 424 1996 niunt
445 1959 626 2001 feliciter;
650 1960 734 1995 libri
751 1959 1113 1996 commentariorum
1132 1960 1213 1995 lulii
1232 1960 1371 1996 cesaris
1389 1959 1436 1996 de
1455 1960 1553 1996 bello
1569 1959 1719 2009 gallico.

320 2026 498 2060 mixtu)
558 2024 598 2059 ln
623 2024 754 2059 ultima
785 2023 935 2059 rumh-m
959 2023 1159 2059 xoluininis
1180 2025 1315 2072 pagina
1336 2024 1500 2061 liabetur
1531 2031 1538 2044 ‘
1555 2024 1721 2069 Tabula,

318 2087 398 2124 siue
421 2088 631 2136 rcgistruim
667 2087 852 2123 libroruin
883 2087 1245 2124 cominentariornni
1270 2088 1353 2124 lulii
1375 2088 1528 2133 cesaris,
1552 2087 1599 2125 de
1619 2087 1722 2125 bello

318 2151 470 2201 gallico,
492 2153 688 2188 continens
723 2151 757 2187 in
792 2151 957 2200 generali
991 2164 1032 2187 ea
1055 2165 1141 2200 qnae
1164 2151 1199 2187 in
1223 2151 1484 2200 superioribus
1505 2151 1723 2201 singulatim

317 2215 456 2252 traditu
489 2216 820 2253 sums—Uberius
856 2217 951 2252 lianc
985 2215 1047 2252 cd.
1082 2215 1287 2265 descripsit
1320 2218 1518 2253 Crevenna
1549 2216 1600 2253 T.
1622 2226 1663 2252 v.
1684 2229 1722 2266 p.

326 2285 411 2317 150.
447 2294 530 2329 sqq.
568 2281 629 2315 ubi
666 2287 792 2316 tamen
825 2280 920 2316 niule
943 2279 1188 2329 tylmgraplio
1209 2279 1429 2316 Coloniensi
1464 2278 1637 2316 Arnoldo
1667 2285 1726 2317 ter

320 2343 477 2380 Hornen
499 2344 734 2381 attribuitur.
766 2343 825 2381 Cf.
851 2344 1032 2380 Mainair.
1057 2358 1094 2394 p.
1117 2342 1209 2381 3‘26'.
1242 2344 1357 2380 Panz.
1379 2344 1427 2380 T.
1454 2355 1480 2380 t.
1503 2356 1543 2393 p.
1571 2348 1629 2380 18.

269 2406 369 2449 1476
401 2409 571 2444 Romanu
608 2418 677 2443 111.
725 2407 1097 2444 Coinmcntarioruin
1138 2407 1186 2443 de
1227 2408 1329 2444 bello
1368 2408 1536 2444 Gallico.
1590 2407 1724 2444 Romoe

321 2481 629 2508 MCt‘tct‘mixvt.
666 2471 852 2507 fohmsic
892 2471 1046 2520 quidem
1086 2471 1273 2508 Maittair.
1314 2485 1352 2521 p.
1375 2471 1467 2510 361.
1505 2479 1541 2509 et
1582 2472 1725 2508 Panzer

319 2534 369 2571 T.
390 2545 438 2571 11.
462 2548 498 2584 p.
522 2535 613 2578 467.
673 2538 719 2571 At
742 2535 855 2572 ctiam
879 2536 1036 2585 reliqua,
1060 2550 1146 2585 (piac
1179 2537 1250 2574 sub
1283 2536 1444 2573 (arsuris
1477 2534 1628 2573 nomine
1654 2534 1725 2571 cir-

320 2598 597 2643 eumfcruninr,
621 2599 740 2635 inesse
763 2601 796 2635 in
821 2600 891 2636 bac
913 2600 1008 2636 edit.
1031 2600 1244 2636 verosimile
1267 2601 1428 2637 videtur.

272 2666 371 2703 1477
403 2662 704 2700 Mediolunensis
728 2674 756 2699 1.
788 2663 854 2700 sol.
889 2665 935 2701 (ἶ.
966 2665 1057 2702 Julii
1089 2665 1248 2701 (xi-saris
1269 2661 1564 2701 Connueuturia.
1625 2662 1726 2698 Prae-

323 2723 435 2761 missa
454 2732 510 2762 est
532 2726 701 2775 Epistola
722 2728 823 2764 l‘ctri
843 2727 981 2765 Justini
999 2728 1186 2778 l‘liilelplii
1202 2728 1248 2764 ud
1267 2728 1452 2765 Joanncm
1471 2725 1722 2763 Siruoncttam
