1872 3104
264 184 378 226 1916
725 198 764 226 c.
795 197 833 227 J.
866 196 1081 228 cAESAms
1114 198 1247 227 vrrA.

266 291 430 339 ὕστερον,
452 294 496 328 ὥς
515 292 646 341 ἄριστα
666 295 714 342 τῷ
733 295 842 342 καιρῷ
864 294 944 329 τότε
973 294 1206 344 παρασχόντι
1239 294 1331 329 κατὰ
1362 300 1425 329 τοῦ
1452 291 1641 341 Καίσαρος
1669 297 1721 345 μὴ

265 358 511 404 χρησάμενος,
543 357 629 392 ἀλλ’
647 354 914 392 ἀποδειλιάσας
934 357 998 393 τὸν
1018 355 1145 405 δῆμον,
1169 358 1352 407 ὑπερφυῶς
1371 358 1639 406 περιεχόμενον
1657 366 1722 396 τοῦ

265 416 468 467 Καίσαρος.
527 416 599 456 ”Ος
628 435 672 465 γε
694 421 751 455 καὶ
770 421 847 466 μετ’
867 419 1001 465 ὀλίγας
1022 422 1154 468 ἡμέρας
1169 419 1185 439 ⁴
1219 423 1269 456 εἰς
1289 423 1354 464 τὴν
1371 419 1516 467 βουλὴν
1537 422 1725 459 εἰσελθόν-

267 495 323 518 τος
344 483 467 525 αὐτοῦ,
491 484 547 517 καὶ
568 484 648 529 περὶ
676 480 728 518 ὦν
748 483 788 517 ἑν
810 482 983 528 ὑποψίαις
1004 480 1048 526 ἦν
1067 485 1388 531 ἀπολογουμένου,
1411 485 1469 520 καὶ
1490 487 1726 533 περιπίπτον-

266 560 324 582 τος
345 543 511 591 θορὺβοις
532 550 710 592 πονηροῖς,
733 544 857 589 ἐπειδὴ
877 548 1018 582 πλείων
1037 551 1099 583 τοῦ
1120 549 1297 591 συνήθους
1325 547 1498 594 ἐγίγνετο
1531 551 1573 600 τῇ
1600 547 1723 601 βουλῇ

267 609 497 659 καθεέομένῃ
517 609 659 657 χρόνος,
681 609 819 652 ἐπῆλθε
838 611 932 657 μετὰ
951 616 1121 657 κραυγῆς,
1145 612 1203 646 καὶ
1224 614 1395 658 περιέστη
1414 613 1480 654 τὴν
1501 614 1724 658 σύγκλητον,

267 672 434 706 ἀπαιτῶν
452 670 516 707 τὸν
536 669 664 718 ἄνδρα,
685 674 743 708 καὶ
774 672 933 708 κελεύων
966 676 1129 723 ἀφεῖναι.
1187 674 1252 710 Διὸ
1286 675 1344 710 καὶ
1379 674 1514 710 Κάτων
1549 673 1722 724 φοβηθεὶς

266 735 432 783 μάλιστα
453 733 515 770 τὸν
549 734 588 769 ἐκ·
619 741 691 770 τῶν
719 736 866 782 ἀπόρων
894 738 1149 784 νεωτερισμὸν,
1184 739 1218 773 οἳ
1246 743 1308 774 τοῦ
1339 738 1474 775 παντὸς
1508 739 1724 787 ὑπέκκαυμα

267 798 428 840 πλήθους
446 795 554 841 ἦσαν,
573 798 613 834 ἑν
631 801 679 848 τῷ
707 797 871 847 Καίσαρι
891 800 952 835 τὰς
972 798 1125 835 ἐλπίδας
1146 802 1308 850 ἔχοντες,
1333 804 1460 838 ἔπεισε
1482 805 1548 847 τὴν
1570 802 1729 849 σύγκλη-

266 875 329 896 τον
348 862 550 910 ἀπονεῖμαι
571 862 780 910 σιτηρέσιον
797 862 918 897 αὐτοῖς
938 862 1118 911 ἔμμηνον,
1139 863 1176 905 ἐξ
1195 860 1235 900 οὗ
1256 862 1419 909 δαπάνης
1446 866 1517 913 μὲν
1548 867 1731 902 πεντακό-

271 938 348 960 σιαι
363 927 375 947 ⁵
415 927 641 968 πεντήκοντα
659 923 833 975 μυριάδες
851 925 1029 962 ἐνιαύσιοι
1050 929 1317 974 προσεγίνοντο
1344 932 1416 963 τοῖς
1437 929 1566 964 ἄλλοις
1585 930 1733 965 ἀναλώ-

267 1002 373 1036 μασι.
428 988 508 1025 Τόν
535 990 661 1038 μέντοι
689 993 816 1039 μέγαν
848 989 890 1025 ἑν
920 991 968 1039 τῷ
1000 991 1152 1037 παρόντι
1172 988 1291 1039 φόβον
1311 988 1449 1036 ἔσβεσε
1469 997 1673 1041 περιφανῶς
1692 990 1732 1029 τὸ

269 1053 475 1102 πολίτευμα
494 1058 610 1097 τοῦτο,
626 1055 684 1089 καὶ
705 1054 745 1090 τὸ
767 1054 945 1090 πλεῖστον
965 1052 1145 1103 ἀπέῤῥηξε
1166 1062 1226 1098 τῆς
1251 1053 1442 1103 Καίσαρος
1464 1052 1652 1103 δυνάμεως
1672 1057 1732 1091 καὶ

271 1113 510 1153 διεσκέδασεν
531 1117 570 1154 ἐν
590 1120 714 1168 καιρῷ,
737 1122 960 1166 στρατηγεῖν
978 1119 1196 1168 μέλλοντος,
1228 1120 1286 1155 καὶ
1317 1117 1569 1169 φοβερωτέρου
1587 1117 1647 1155 διὰ
1667 1119 1734 1162 τὴν

269 1180 391 1229 ἀρχὴν
413 1180 528 1218 ὄντος.

848 1348 883 1390 C
900 1348 941 1389 A
956 1348 1008 1390 P.
1054 1348 1147 1391 IX.

273 1447 313 1479 P.
339 1447 488 1487 Clodius,
503 1448 703 1488 Pompeiam
720 1459 846 1488 amans,
862 1448 1075 1480 occasionem
1100 1458 1175 1480 cum
1200 1458 1239 1479 ca
1263 1450 1489 1481 conveniendi
1511 1449 1660 1482 nancisci
1677 1459 1735 1481 ne-

671 1503 756 1543 quit.
801 1504 898 1534 Bona
914 1503 989 1540 (lea,
1006 1503 1144 1544 ejusque
1160 1503 1333 1533 solemnia.

325 1586 383 1626 Οὔ
402 1591 477 1637 μὴν
510 1587 635 1634 ἀπέβη
656 1606 687 1625 τι
708 1589 919 1641 ταραχῶδες
938 1592 999 1627 ἀπ’
1015 1592 1133 1635 αὐτῆς,
1149 1593 1159 1608 ¹

271 1654 319 1703 τῷ
351 1652 517 1701 Καίσαρι
549 1654 758 1704 συνηνέχθη
796 1656 876 1701 περὶ
903 1654 967 1690 τὸν
987 1652 1098 1691 οἶκον.

1195 1592 1296 1626 ἀλλὰ
1327 1591 1383 1626 καὶ
1417 1589 1511 1641 τύχη
1531 1606 1581 1626 τις
1602 1591 1735 1640 ἄχαρις

1154 1653 1319 1690 Πόπλιος
1360 1652 1527 1690 Κλώδιος
1565 1651 1609 1697 ἦν
1642 1655 1735 1701 ἀνὴρ

275 1716 378 1763 γένει
410 1716 480 1765 μὲν
506 1715 765 1765 (εὐπατρίδης,Ζ
794 1720 853 1754 καὶ
885 1721 1029 1768 πλούτῳ
1059 1720 1118 1754 καὶ
1150 1719 1251 1767 λόγῳ
1272 1716 1449 1767 λαμπρὸς,
1469 1715 1575 1765 ὕβρει
1603 1714 1644 1753 δὲ
1677 1718 1736 1752 καὶ

272 1779 469 1827 θρασύτητι
497 1787 569 1817 τῶν
598 1783 658 1816 ἐπὶ
688 1779 870 1830 βδελυρίᾳ
890 1780 1120 1830 περιβοήτων
1141 1780 1285 1818 οὐδενὸς
1306 1779 1482 1829 δεύτερος.
1527 1777 1644 1818 Οὗτος
1666 1782 1734 1829 ἤρα

271 1839 484 1893 Πομπηΐας,
505 1852 566 1888 τῆς
582 1844 773 1894 Καίσαρος
793 1845 975 1892 γυναικὸς,
996 1843 1070 1881 οὐδ’
1089 1847 1199 1890 αὐτῆς
1222 1845 1390 1890 ἀκούσης.
1419 1842 1546 1880 Ἀλλὰ
1566 1846 1732 1895 φυλακαί

930 1951 1076 1983 NOTAE

316 2031 336 2059 4
359 2027 435 2058 Μετ’
462 2026 544 2066 ὀλίγ.
569 2027 636 2069 ἡμ.]
658 2028 837 2060 Suetonius
855 2034 976 2061 auctor

275 2082 338 2115 est,
355 2078 526 2113 Caesarem
555 2079 588 2108 in
620 2079 785 2120 reliquum
803 2080 876 2120 ejus
898 2081 975 2111 anni

274 2132 408 2168 tempus
434 2129 529 2159 curia
562 2128 777 2161 abstinuisse.
841 2130 977 2162 Accidit

275 2178 380 2219 igitur
398 2188 452 2209 res
476 2179 632 2219 proximo
650 2190 749 2219 auno,
766 2191 841 2212 cum
861 2182 976 2213 Caesar

274 2234 404 2270 praetor
419 2234 520 2261 esset.
544 2230 596 2262 Cf.
612 2232 708 2262 Suet.
721 2233 793 2264 Jnl.
808 2236 858 2264 17.

317 2283 336 2310 5
361 2279 582 2322 Πεντακόσιαι]
606 2282 644 2312 C.
661 2282 703 2312 V.
721 2287 757 2313 et
781 2283 916 2323 quidam
931 2284 978 2316 H.

273 2329 434 2370 Stephani
462 2331 572 2362 Codd.
601 2331 793 2372 ἑπτακόσιαι,
823 2333 911 2374 quod
943 2338 981 2365 ct

274 2381 449 2422 Xylander
461 2381 639 2421 legendum
650 2384 794 2422 censuit,
807 2394 881 2425 quae
893 2394 980 2415 sum-

275 2440 329 2462 ma
356 2431 398 2462 ad
425 2441 498 2462 eam
528 2431 629 2471 redit,
652 2443 751 2473 quam
779 2434 812 2464 in
843 2434 980 2465 talentis

275 2480 412 2522 [mech]
427 2481 563 2512 exhibet
590 2482 682 2513 Plut.
706 2483 737 2513 in
764 2485 839 2515 Cat.
863 2484 908 2524 [c.
927 2487 979 2516 26.

275 2530 432 2571 Quinque
449 2531 536 2562 enim
562 2532 691 2563 talenta
717 2539 896 2574 aequantur
923 2533 981 2565 tri-

276 2581 338 2611 bus
356 2580 564 2621 myriadibus
588 2581 849 2624 drachmarum]
883 2583 979 2615 Idem

278 2631 318 2661 (le
346 2632 406 2662 hoc
433 2632 509 2663 loco
534 2632 638 2663 sentit
664 2633 817 2665 Rualdus
837 2635 938 2675 culpa
962 2646 981 2666 a

277 2680 462 2712 Plutarcho
488 2682 521 2713 in
545 2683 619 2724 ejus
647 2684 876 2725 exscriptores
894 2685 982 2717 deri·

279 2736 369 2769 sata,
386 2740 460 2760 cum
486 2732 598 2772 lapsus
623 2739 776 2764 notarum
794 2735 981 2766 arithmeti-

1031 2041 1161 2066 carum,
1188 2031 1244 2061 τοῦ
1271 2038 1294 2070 φ
1321 2031 1354 2061 ἰη
1381 2034 1403 2066 ψ
1428 2031 1513 2062 adeo
1531 2031 1575 2062 sit
1601 2040 1736 2071 pronus.

1033 2081 1263 2121 Negligentiae
1282 2087 1394 2112 tamen
1413 2082 1463 2111 vel
1481 2081 1663 2121 imperitiae
1690 2081 1739 2112 in-

1031 2136 1127 2162 cusat
1141 2130 1375 2170 Plutarchum,
1401 2131 1484 2171 legis
1504 2129 1736 2163 frumentariae

1031 2181 1122 2211 illius
1150 2181 1267 2212 habita
1299 2181 1442 2220 ratione,
1472 2186 1594 2221 utpote
1625 2191 1738 2223 quam,

1032 2232 1143 2263 saltim
1172 2237 1279 2263 ratam
1309 2231 1519 2273 firmamque,
1554 2241 1620 2262 non
1651 2231 1740 2262 exti-

1033 2283 1127 2321 tisse,
1145 2292 1187 2313 ex
1212 2282 1418 2313 auctoritate
1435 2281 1572 2313 Asconii
1594 2281 1738 2313 Pediani

1033 2332 1221 2364 contendit.
1258 2334 1393 2365 flumen.

1080 2436 1094 2463 1
1119 2433 1184 2463 Ἀπ’
1201 2433 1310 2473 αὐτῆς]
1333 2433 1432 2466 Quod
1453 2443 1519 2464 non
1536 2433 1668 2465 omnino
1685 2443 1740 2465 ve-

1034 2492 1118 2514 rum.
1143 2483 1222 2514 Vid.
1239 2484 1381 2515 Sueton.
1398 2484 1469 2516 Jul.
1488 2487 1622 2515 15-17,

1077 2536 1097 2564 2
1121 2533 1326 2574 Εὐπατρίδης]
1360 2535 1405 2565 H.
1436 2545 1466 2566 e.
1499 2534 1533 2564 ἐκ
1561 2531 1737 2574 πατρικίων.

1036 2582 1089 2615 Cf.
1129 2584 1223 2615 Plut.
1252 2585 1346 2624 sylla
1377 2594 1407 2616 c,
1436 2588 1466 2615 1.
1521 2584 1576 2614 De
1607 2583 1742 2623 Clodio,

1035 2643 1133 2674 quem
1147 2644 1261 2665 omnes
1274 2634 1556 2675 improbissimum
1572 2633 1738 2664 hominem

1035 2683 1138 2715 fuisse
1157 2690 1338 2726 testantur,
1354 2685 1420 2716 vid.
1438 2684 1649 2724 potissimum
1662 2684 1739 2715 Vel-

1036 2734 1121 2765 luins
1139 2744 1179 2766 11.
1194 2738 1248 2766 45.
