1872 3104
623 185 662 213 c.
695 184 732 213 J.
765 182 982 213 cAESAms
1016 185 1148 214 vrrA.
1511 176 1620 218 1911

166 283 414 330 κεκρυμμένην
432 276 624 322 δεινότητα
655 281 718 313 τοῦ
745 279 850 321 ἤθους
870 279 1095 327 καταμαθὼν
1115 278 1295 325 Κικέρων,
1326 280 1438 325 ἔλεγε
1457 286 1528 317 τοῖς
1550 283 1617 318 ἄλ-

164 346 240 380 λοις
260 346 402 380 ἅπασιν
421 339 739 390 ἐπιβουλεύμασιν
758 343 868 377 αὑτοῦ
888 343 946 378 καὶ
967 344 1212 390 πολιτεύμασι
1242 344 1458 390 τυραννικὴν
1484 345 1618 393 ἒνορᾷν

166 407 346 444 διάνοιαν·
377 407 462 441 ἀλλ’
481 404 585 449 ὅταν,
606 405 688 455 ἔφη,
709 407 774 449 τὴν
804 406 918 454 κόμην
949 406 1040 441 οὕτω
1074 403 1313 453 διακειμένην
1342 412 1513 454 περιττῶς
1531 406 1614 453 ἰ’ἓω,

165 472 332 507 κάκεῖνον
356 470 409 505 ἑνὶ
436 466 600 518 δακτύλῳ
631 469 870 518 κνώμενον,ιο
900 467 940 505 οὔ
973 484 1034 519 μοι
1055 467 1153 506 δοκεῖ
1173 469 1289 506 πάλιν
1310 467 1411 507 οὗτος
1432 471 1620 520 ἄνθρωπος

163 535 213 570 εἷς
233 537 319 569 νοῦν
338 533 387 568 ἂν
406 530 642 581 ἐμβαλέσθαι
661 534 852 576 τηλικοῦτο
872 533 995 577 κακὸν,
1016 534 1211 581 ἀναίρεσιν
1228 539 1287 576 τῆς
1301 533 1494 583 Ῥωμαίων
1513 537 1619 571 πολι-

163 598 273 633 relus.
327 594 457 633 Ταῦτα
475 595 547 645 μὲν
565 592 629 631 οὖν
649 593 814 645 ὕστερον.

753 797 913 841 CAP.
967 799 1026 840 V.

162 902 278 935 Caesar
295 904 453 936 tribunus
470 904 616 936 militum
632 903 744 936 factus
761 914 917 946 magnam
934 904 1160 935 multitudinis
1175 902 1315 945 gratiam
1332 903 1395 935 init
1410 903 1621 935 orationibus

204 957 401 989 funebribus
429 962 465 989 et
490 958 592 989 Marii
618 959 715 989 uxori
741 958 824 998 (qua
849 958 1025 989 occasione
1055 958 1181 998 primus
1208 962 1286 998 post
1310 957 1449 998 Syllana
1466 961 1621 998 tempora

204 1011 306 1041 Marii
323 1016 452 1042 statuas
469 1020 633 1051 reponere
652 1010 815 1051 audebat)
841 1015 877 1042 et
903 1022 973 1042 suae
999 1011 1095 1042 uxori
1113 1011 1225 1043 dictis.
1269 1012 1352 1042 Tum
1370 1014 1529 1052 quaestor,
1546 1010 1619 1042 abit

200 1064 235 1095 in
260 1064 472 1104 Hispaniam.
517 1063 603 1094 Inde
628 1063 735 1094 redux
763 1064 965 1105 Pompeiam
993 1063 1101 1095 ducit.
1147 1063 1298 1104 Propter
1318 1063 1473 1103 ingentes
1491 1069 1619 1094 sumtus

201 1117 375 1157 praecipue
392 1117 424 1147 in
442 1117 529 1148 viam
554 1117 701 1158 Appiam
727 1117 972 1149 restituendam
998 1122 1034 1148 et
1062 1117 1094 1148 in
1122 1117 1222 1148 ludos
1249 1116 1615 1158 magnificentissimos,

202 1170 320 1210 ingens
337 1180 382 1201 ms
400 1171 544 1201 alienum
561 1175 792 1203 contraxerat.

210 1262 286 1300 Τοῦ
306 1262 345 1300 δὲ
365 1261 481 1312 δήμου
501 1268 646 1312 πρώτην
664 1264 734 1314 μὲν
753 1263 944 1310 ἀπόδειξιν
973 1269 1033 1307 τῆς
1053 1262 1139 1312 πρὸς
1166 1262 1279 1300 αὐτὸν
1298 1263 1442 1299 εὐνοίας
1461 1259 1616 1308 ἔλαβεν,

160 1326 220 1363 ὅτε
238 1327 324 1376 πρὸς
354 1325 470 1363 Γάϊον
497 1326 686 1364 Ποπίλιον
703 1330 713 1345 ¹
755 1328 878 1376 ἐρίσας
910 1327 998 1376 ὑπὲρ
1025 1329 1258 1378 χιλιαρχίας,
1278 1328 1449 1375 πρότερος
1481 1327 1620 1373 ἀνηγο·

156 1390 278 1438 ρεὺθη·
310 1389 484 1439 δευτέραν
504 1389 556 1435 δὲ,
579 1392 637 1427 καὶ
669 1395 1010 1441 καταφανεστέραν,
1044 1390 1119 1436 ὅτε,
1153 1399 1214 1434 τῆς
1247 1389 1398 1438 ΝΙαρίου
1430 1387 1616 1436 γυναικὸς,

155 1451 324 1498 Ἰουλίας,
347 1454 616 1499 ἀποθανούσης,
639 1454 885 1505 (ἰδι-ῑλφιδοῦςΖ
917 1456 968 1490 ὢν
988 1456 1096 1499 αὐτῆς
1117 1455 1302 1503 ἐγκώμιόν
1321 1469 1360 1490 τε
1380 1453 1555 1502 λαμπρὸν
1576 1453 1619 1488 ἐν

157 1519 305 1566 ιἰγορᾷ3
345 1516 487 1564 διῆλθε,
522 1520 580 1555 καὶ
618 1521 700 1568 περὶ
734 1521 801 1563 τὴν
836 1519 992 1569 ἐκφορὰν
1025 1519 1231 1568 ἐτόλμησεν
1262 1518 1406 1554 εἰκόνας
1438 1514 1620 1564 Μαρίου*

157 1584 372 1631 προθέσθαι,
394 1584 475 1620 τότε
495 1589 638 1632 πρῶτον
659 1584 831 1634 ὀφθείσας
849 1585 943 1632 μετὰ
977 1583 1042 1626 τὴν
1075 1582 1134 1618 ἐπὶ
1168 1581 1296 1629 Σύλλᾳ
1323 1582 1530 1625 πολιτείαν,
1552 1595 1619 1616 πο·

155 1647 299 1695 λεμίων
317 1652 389 1683 τῶν
408 1644 553 1695 ἀνδρῶν
573 1648 781 1695 κριθέντων.
838 1645 921 1683 Ἐπὶ
939 1645 1052 1696 τούτῳ
1084 1647 1156 1693 γὰρ
1190 1645 1323 1681 ἐνίων5
1360 1642 1620 1691 καταβοησάν·

158 1724 231 1745 των
256 1713 319 1746 τοῦ
351 1708 554 1759 Καίσαρος,
589 1711 608 1747 ὁ
638 1709 747 1760 δῆμος
777 1712 968 1761 ἀντήχησε
997 1711 1155 1760 λαμπρῷ
1189 1708 1383 1758 δεξάμενος
1416 1708 1538 1758 κρότῳ,
1560 1709 1619 1744 καὶ

159 1773 353 1822 θαυμάσας
373 1775 494 1821 ὥσπερ
527 1774 565 1819 ἐξ
593 1774 686 1823 ᾅδου
705 1773 765 1811 διὰ
785 1775 930 1825 χρόνων
963 1775 1116 1810 πολλῶν
1147 1772 1343 1819 ἀνάγοντα
1376 1772 1438 1808 τὰς
1469 1770 1619 1819 Μαρίου

157 1838 263 1883 τιμὰς
294 1838 344 1872 εἷς
377 1838 443 1881 τὴν
462 1839 585 1875 πόλιν.
640 1838 695 1875 Τὸ
724 1839 796 1888 μὲν
821 1836 886 1875 οὖν
917 1838 977 1874 ἐπὶ
1009 1837 1154 1884 γυναιξὶ
1186 1834 1453 1884 πρεσβυτέραις
1484 1835 1620 1881 λόγους

158 1899 368 1951 ἐπιταφίους
387 1899 570 1948 διεξιέναι,
592 1903 745 1951 πάτριον
777 1901 822 1947 ἦν
849 1898 1087 1952 Ῥωμαίοις·6
1121 1903 1220 1937 νέαις
1253 1897 1283 1935 δ’
1315 1900 1377 1935 οὐκ
1395 1897 1438 1935 ὃν
1466 1899 1507 1935 ἐν
1528 1899 1618 1941 ἔθει,

816 2008 960 2041 NOTAE

201 2082 240 2111 10
271 2080 446 2122 Κνώμενον]
491 2083 578 2114 Haec
603 2083 636 2114 in
664 2084 783 2114 molles
809 2083 859 2114 di-

157 2136 291 2169 cuntur,
302 2141 320 2162 a
336 2133 457 2173 quibus
470 2143 535 2165 non
552 2134 655 2165 facile
671 2134 858 2165 timendum

157 2181 354 2222 reipublicae
379 2183 523 2215 videtur.
567 2185 648 2215 'Pale
674 2188 727 2216 est
753 2184 857 2215 etiam

157 2232 199 2263 de
226 2233 312 2263 male
338 2233 451 2264 cincto
478 2235 614 2265 Caesare
638 2235 741 2275 Syllae
765 2234 857 2275 judi-

155 2281 257 2313 cium.
302 2283 415 2323 Caput
438 2288 553 2314 autem
574 2284 712 2315 scabere
728 2294 795 2315 uno
811 2284 859 2315 di-

158 2333 230 2371 gito
246 2333 290 2363 de
305 2333 462 2364 mollibus
479 2333 560 2372 dici,
577 2334 631 2365 vel
659 2344 701 2365 ex
726 2334 859 2365 Clodia-

156 2382 208 2413 nis
245 2383 278 2413 in
316 2384 515 2425 Pompeium
554 2385 780 2424 contumeliis,
814 2395 857 2416 ex

157 2437 272 2463 nostro
288 2438 428 2465 auctore
452 2438 610 2472 constat;
645 2440 680 2465 et
706 2443 747 2465 ex
773 2436 856 2466 Luc.

157 2482 191 2512 in
217 2482 311 2514 let.
339 2492 434 2522 [ιτ-ατο.
461 2483 542 2524 ἄκρῳ
566 2486 610 2523 τῷ
634 2483 776 2524 δακτύλῳ
800 2484 858 2521 τὴν

156 2533 297 2573 κεφαλὴν
312 2533 472 2571 κνώμενον.
517 2536 596 2575 Xyl.

200 2637 216 2665 1
243 2633 407 2673 Ποπίλιον]
452 2633 507 2665 Sic
537 2633 664 2664 Reiske
695 2643 736 2664 ex
767 2635 857 2674 conj.

157 2685 286 2727 Bryani
302 2695 363 2726 pro
377 2685 516 2724 vulgato
532 2684 859 2725 Πόπλιον.-χιλιαρ-

157 2734 214 2775 χία
228 2739 280 2768 est
295 2735 489 2767 tribunatus
505 2735 662 2766 militum.

956 2085 975 2114 2
997 2080 1211 2121 Ἀδελφιδοῦς]
1233 2079 1323 2111 Vide
1339 2087 1442 2119 supra
1459 2087 1490 2109 c.
1508 2079 1538 2108 1.

956 2136 974 2164 3
997 2132 1049 2163 Ἐν
1063 2132 1177 2173 ἀγορᾷ]
1199 2132 1270 2162 Pro
1286 2129 1418 2171 rostris,
1433 2138 1509 2160 cum
1529 2137 1618 2170 quae-

912 2187 984 2215 stor
1000 2188 1102 2214 esset.

955 2238 974 2266 4
999 2234 1132 2275 Μαρίου]
1156 2235 1198 2265 R.
1215 2233 1344 2264 mavult
1361 2230 1495 2273 Μαρίων,
1509 2230 1618 2262 senio-

912 2286 957 2316 ris
973 2290 1076 2326 atque
1099 2283 1260 2324 junioris,
1285 2282 1328 2313 ob
1351 2282 1532 2323 insequens
1558 2281 1620 2310 τῶν

912 2336 1027 2376 ἀνδρῶν
1041 2334 1197 2373 πολεμίων
1211 2331 1382 2374 κριθέντων.

955 2390 972 2417 5
989 2384 1108 2425 Ἐνίων]
1127 2385 1194 2415 Int.
1211 2383 1420 2424 potissimum
1435 2382 1617 2413 Senatores

912 2440 947 2467 et
962 2436 1135 2477 patricios.

954 2489 975 2516 6
996 2484 1168 2524 Ῥωμαίοις]
1198 2483 1312 2515 Livius
1328 2492 1363 2513 v.
1379 2485 1433 2513 50.
1460 2480 1620 2512 Matronis

912 2546 974 2577 pro
989 2546 1071 2567 auro
1088 2534 1360 2575 adbliberandam
1386 2542 1406 2563 a
1428 2530 1536 2562 Gallis
1553 2531 1621 2561 Ro·

913 2596 1002 2617 mam
1025 2587 1152 2617 collato
1174 2584 1292 2623 gratim
1307 2586 1385 2613 ιιι-ια’
1400 2582 1549 2620 honosque
1563 2580 1619 2610 ad-

912 2635 1009 2674 ditus,
1021 2638 1057 2664 ut
1072 2644 1190 2672 earum,
1199 2633 1279 2663 sicut
1293 2632 1444 2672 virorum,
1455 2633 1523 2671 post
1538 2639 1618 2661 mor-

912 2687 974 2715 tem
988 2685 1122 2716 solennis
1137 2686 1213 2715 esset
1229 2681 1376 2714 laudatio.
