1872 3104
261 197 308 238 lx

303 303 341 330 et
366 298 475 330 varius
488 297 520 330 G
533 298 578 337 iv,
596 302 625 329 5.

262 341 426 372 Mobilitas
438 342 548 381 «mimi,
578 339 803 372 inconstantia
820 340 851 371 G
874 339 910 377 ii,
928 342 957 371 1.

301 383 457 416 mobilitas
486 385 633 425 equitum,
663 383 821 414 celeritas
848 383 881 415 G
912 383 959 422 iv,

262 469 438 507 Mobiliter,
454 472 492 498 ut
504 477 675 509 nunquam
691 477 793 508 agere
813 468 962 508 desinas,

303 511 526 550 omnibusque
542 510 576 541 in
593 511 677 542 locis
707 511 849 542 verseris
864 510 894 542 A
909 513 960 542 17.

301 553 458 584 mobiliter
477 552 614 583 excitari
628 554 668 583 ad
691 552 812 593 bellum,
840 553 888 584 sic
905 562 962 584 ex-

303 594 416 632 citari,
441 598 480 626 ut
496 598 639 635 repente
665 604 685 625 a
702 595 797 634 pacis
813 595 963 626 consiliis

304 636 348 668 ad
386 645 480 668 arma
507 641 671 676 transeas,
697 636 728 667 h.
744 645 774 668 e.
803 636 964 668 facillime

303 680 437 720 impelli
454 678 497 710 ad
511 688 602 711 arma
618 678 786 719 capienda
801 679 834 710 G
847 679 895 718 iii,
910 683 963 710 10.

302 720 350 753 cf.
368 731 446 763 cap.
470 725 502 753 8.
545 722 649 754 subita
665 725 696 753 et
719 721 882 761 repentina
895 731 965 752 con-

305 765 393 795 εἱΙὶα.

264 807 423 839 Modestia
444 807 592 846 militum,
620 806 820 839 obedientia
846 805 879 838 G
908 805 967 844 vii,

304 853 360 882 52.
402 851 538 882 modeste
562 848 622 882 Af.
646 853 700 882 31.
745 849 788 881 de
818 848 881 888 liis,
909 849 966 889 qui

304 902 374 924 non
403 898 483 924 sunt
509 892 717 934 perturbati,
745 902 811 924 uon
845 891 967 923 tumul-

306 935 418 967 tuarie
435 945 519 976 opus
536 939 653 976 agunt.

264 978 381 1010 Maius
401 982 431 1009 et
443 978 552 1017 forma
564 977 754 1021 oedificandi,
767 978 824 1009 das
840 976 969 1017 Modell,

305 1021 334 1051 le
349 1022 464 1052 modele
479 1022 511 1052 G
530 1032 563 1060 v,
579 1024 610 1052 l.

264 1063 361 1094 Molle
385 1063 487 1103 littus,
501 1064 612 1094 nullus
641 1062 784 1094 collibus
809 1070 968 1102 asperum

307 1105 481 1136 etinvium
504 1106 537 1138 G
553 1116 587 1145 v,
599 1108 630 1138 9.
653 1105 699 1136 cf.
714 1105 834 1137 mollire
857 1104 970 1135 clivum

308 1147 341 1178 G
359 1148 416 1186 vii,
430 1150 486 1179 46.

265 1190 469 1231 Momentum,
480 1189 645 1232 quicquid
657 1189 763 1222 efficit
774 1194 811 1222 et
820 1189 970 1228 confert,

308 1236 347 1263 ut
378 1233 508 1274 aliquid
533 1232 606 1273 fiat,
631 1233 726 1274 cujus
758 1237 809 1264 est
847 1241 971 1272 magna

307 1275 358 1306 vis
374 1279 410 1307 et
437 1275 597 1316 dignitas,
613 1285 771 1315 maguum
786 1276 871 1307 item
895 1284 970 1316 pre.-

308 1318 414 1349 tium:
439 1321 561 1359 tempus
588 1329 735 1358 magnum
768 1320 808 1349 ud
841 1319 972 1348 salutem

307 1363 498 1393 momentum
525 1360 635 1402 affert,
662 1361 805 1392 multum
835 1359 973 1392 confert

309 1403 353 1433 ad
376 1404 437 1434 sal.
463 1403 492 1434 C
508 1403 597 1444 i‚5l.
643 1407 796 1435 momento
821 1403 883 1434 levi
905 1412 973 1433 rem

309 1446 480 1485 aestirnare,
503 1446 599 1486 parvi
625 1445 756 1487 facere,
772 1446 866 1487 quasi
889 1445 972 1477 nihil

309 1488 486 1528 pertineat
501 1489 544 1520 ad
570 1489 716 1520 salutem
732 1493 768 1520 et
790 1498 874 1529 opes
889 1488 973 1520 civi-

312 1530 394 1561 tatis
411 1531 443 1562 G
456 1531 516 1572 vii,
531 1534 583 1563 39.
606 1530 653 1563 cf.
669 1531 713 1562 ad
738 1532 771 1564 G
786 1532 843 1573 vii,
858 1534 913 1563 85.
936 1535 973 1563 ct

312 1574 340 1604 c
354 1573 376 1612 i,
391 1576 445 1605 21.

271 1616 456 1646 Montuosus
472 1616 499 1647 C
513 1615 535 1654 i,
550 1618 603 1648 66.
647 1616 704 1647 Sic
722 1615 858 1647 codices
874 1626 884 1655 ς
907 1624 974 1647 non

312 1662 467 1689 montosus
483 1658 511 1688 C
526 1658 575 1697 iii,
589 1661 643 1690 42.
669 1659 704 1690 Η
720 1661 752 1689 7.

270 1701 384 1732 Moror
397 1701 572 1742 (cunctor)
594 1701 711 1741 aliquid
725 1701 836 1738 facere
859 1700 892 1732 G
905 1699 978 1741 viii,

270 1785 344 1817 Mos
359 1788 388 1816 et
405 1786 577 1826 exemplum
590 1785 710 1827 populi,
724 1794 796 1816 mos
812 1784 977 1826 majorum

315 1828 348 1860 G
361 1828 383 1867 i,
398 1832 431 1860 8·

274 1871 383 1902 Motus
400 1870 555 1910 sortunoe,
571 1869 793 1902 commutatio
808 1870 836 1901 C
852 1869 888 1908 ii,
900 1872 954 1901 17.

273 1913 400 1944 Movere
424 1923 468 1953 se,
496 1914 539 1944 de
568 1914 702 1944 homine
727 1913 883 1944 mutabili
899 1913 927 1944 C
943 1911 978 1951 ii,

318 1958 368 1986 16.
399 1954 446 1986 cf.
474 1955 605 1987 mobilis.
635 1965 756 1986 movere
793 1955 976 1986 subaudita

314 2001 420 2028 castra
444 1997 500 2029 Af.
515 2001 548 2029 7.
571 1997 631 2028 sed
648 1998 749 2038 plene
763 1997 795 2028 G
812 1997 835 2036 i,
852 2000 908 2029 40.

274 2040 381 2071 Multa
395 2050 458 2071 uox
474 2041 506 2072 G
524 2040 547 2079 i,
561 2043 616 2071 26.
640 2041 736 2070 multo
757 2040 819 2079 die,
834 2039 877 2070 de
894 2043 976 2070 tem-

318 2093 414 2124 pore,
430 2083 518 2123 quod
536 2083 678 2124 primam
695 2082 807 2113 lucem
823 2082 977 2123 sequitur

317 2127 350 2157 G
368 2127 391 2165 i,
406 2130 460 2157 22.
503 2127 602 2156 multa
632 2125 743 2164 lingua
765 2125 892 2155 Gallica
915 2124 978 2165 uti,

319 2168 453 2200 Gallice
470 2168 551 2199 satis
569 2168 704 2199 doctum
721 2176 795 2198 esse
809 2167 841 2198 G
866 2167 888 2206 i,
904 2170 958 2198 47.

277 2211 407 2242 Munire
420 2221 465 2252 se,
491 2210 654 2251 praesidio
678 2219 715 2242 se
731 2210 819 2241 tueri
837 2210 869 2242 G
885 2210 909 2249 i,
925 2212 979 2241 44.

319 2255 440 2285 munire
450 2257 565 2294 castra,
578 2254 666 2284 vallo
682 2257 719 2284 et
734 2252 827 2284 fossa
840 2253 980 2293 cingere

321 2296 353 2328 G
370 2296 394 2337 i,
415 2299 469 2328 49.
513 2297 632 2327 munire
656 2299 801 2335 montem,
828 2296 918 2327 vallo
945 2299 982 2326 et

320 2337 413 2371 fossa
427 2339 459 2370 G
477 2338 501 2378 i,
517 2341 570 2370 24.
613 2339 734 2370 munire
752 2340 824 2381 iter,
836 2338 982 2371 reddere

321 2381 523 2422 expeditum
540 2381 571 2413 G
589 2381 648 2421 vii,
663 2385 716 2413 58.

280 2424 420 2456 Munitio
434 2423 548 2466 operis,
573 2434 658 2465 opus
676 2423 836 2465 (murus),
851 2434 918 2465 quo
934 2424 982 2455 lo-

322 2476 382 2499 cus
398 2467 549 2499 munitus
574 2471 641 2507 est,
665 2477 709 2498 ne
734 2467 802 2499 iter
815 2471 936 2508 pateat
951 2466 983 2498 G

323 2509 346 2549 i,
369 2512 401 2541 8.

282 2552 407 2584 Murale
420 2552 519 2593 pilum
535 2553 567 2584 G
584 2562 616 2593 v,
628 2555 681 2583 40.
698 2552 754 2592 vii,
771 2555 823 2583 82.
840 2551 982 2591 efisalx.

285 2595 454 2636 Masculus,
481 2595 637 2627 machina
668 2595 804 2635 bellica,
829 2595 892 2626 snb
918 2605 984 2636 qua

323 2642 507 2680 steterunt,
521 2639 578 2680 qui
591 2648 704 2670 muros
712 2643 771 2670 aut
785 2638 910 2669 vallum
925 2647 983 2678 op-

325 2686 534 2719 pugnarunt.
594 2683 720 2722 Veget.
759 2681 802 2712 de
841 2691 876 2711 re
913 2681 983 2712 mil.

327 2722 371 2759 iv,
388 2727 438 2753 lo.
484 2725 778 2756 Commemoratur
802 2734 820 2754 a
848 2725 983 2755 Caesare

329 2764 386 2804 vii,
404 2768 456 2796 84.
491 2767 519 2797 C
543 2767 579 2804 ii,
605 2771 655 2799 10.
702 2767 760 2798 ubi
786 2766 900 2798 multis
927 2765 984 2796 de-

914 205 1071 235 lNDEX

1051 296 1223 338 scribitur,
1238 299 1303 330 etsi
1324 298 1411 329 hunc.
1428 299 1613 331 musculum
1627 305 1710 342 puto

1051 341 1158 372 multo
1183 341 1400 373 artificiosius
1423 346 1590 373 structum
1606 342 1711 376 fuisse

1052 393 1106 422 eo,
1119 393 1186 424 quo
1202 384 1293 415 Galli
1316 385 1362 426 (G
1382 384 1440 423 vii,
1456 383 1525 425 84.)
1555 386 1605 416 usi
1622 390 1713 418 sunt.

1053 426 1220 457 Occurrit
1242 428 1346 458 etiam
1363 427 1390 458 C
1407 428 1456 465 iii,
1474 430 1526 458 80.
1553 426 1582 458 Α
1600 431 1630 459 1.

1011 469 1181 508 Myoparo,
1205 479 1310 508 genus
1338 470 1464 510 navigii
1494 470 1714 508 velocissimi,

1054 509 1146 551 quod
1163 515 1298 542 veteres
1315 513 1524 552 grammatici
1539 513 1658 545 dicunt
1669 513 1713 544 ad

1055 553 1237 628 ξιὸἰὶἒῑὲξῖῐὲ
1261 553 1452 586 faciendam
1475 559 1642 588 structum
1665 554 1716 587 fn·

1349 724 1383 756 N

1017 805 1126 880 Ναὲεἰ,
1134 806 1219 837 collis
1229 808 1381 848 nascitur,
1394 808 1515 850 surgit,
1530 808 1658 840 attollit
1671 819 1720 850 se,

1112 849 1147 888 ii,
1166 852 1220 880 18.

1017 891 1146 923 Natura
1170 891 1240 932 loci,
1266 892 1363 932 situs,
1387 901 1488 933 quem
1511 892 1584 933 ipsa
1599 896 1722 924 natura

1061 934 1165 965 talem
1180 944 1255 966 esse
1272 935 1379 966 voluit
1393 936 1426 967 G
1442 935 1466 975 i,
1482 938 1513 966 2.
1557 937 1723 967 secundum

1059 980 1205 1008 naturam
1212 977 1372 1018 fluminis,
1385 979 1454 1009 dem
1466 978 1587 1009 Strome
1597 978 1676 1010 uach
1688 977 1721 1010 G

1060 1020 1106 1060 iv,
1123 1023 1174 1052 17.
1219 1020 1343 1062 Itaque
1358 1025 1480 1052 natura
1503 1021 1651 1052 fluminis
1671 1024 1725 1052 est

1062 1072 1181 1094 cursus
1197 1063 1370 1094 naturalis.
1417 1064 1467 1094 Ea
1489 1074 1593 1095 rerum
1607 1066 1724 1095 natura

1061 1108 1142 1146 erat,
1157 1105 1200 1136 de
1217 1110 1322 1146 ponte
1347 1105 1530 1146 aedificato,
1551 1116 1637 1147 opus
1661 1115 1724 1147 per

1061 1152 1219 1179 naturam
1250 1158 1363 1180 rerum
1401 1149 1449 1180 ita
1489 1153 1724 1190 comparatum

1062 1189 1230 1231 (firmum)
1245 1196 1321 1223 erat
1337 1193 1369 1223 G
1382 1192 1430 1232 iv,
1446 1194 1499 1224 17.

1022 1232 1223 1264 Naturaliter
1239 1233 1268 1264 Α
1287 1238 1317 1264 8.

1002 1275 1156 1315 *Nat-ale,
1185 1275 1294 1314 locus,
1320 1276 1378 1307 ubi
1408 1274 1586 1308 subductae
1623 1284 1726 1308 naves

1064 1322 1170 1358 stant,
1184 1323 1244 1350 aut
1261 1328 1364 1350 naves
1374 1317 1588 1352 fabricantur
1601 1318 1629 1350 C
1641 1319 1678 1359 ii,
1695 1322 1725 1351 1.

1068 1360 1116 1401 iii,
1131 1363 1163 1401 4,
1176 1363 1230 1392 22.

1023 1403 1161 1434 Navalia
1175 1407 1279 1435 castra
1301 1404 1334 1436 G
1356 1414 1390 1445 v,
1412 1406 1468 1437 22.
1511 1404 1640 1444 classis,
1659 1411 1727 1435 nuo

1065 1446 1141 1477 loco
1164 1451 1383 1487 congregata.

1024 1488 1125 1519 Navis
1151 1490 1255 1528 longa,
1277 1489 1403 1520 bellica
1428 1488 1462 1521 G
1478 1487 1527 1528 iii,
1548 1492 1580 1520 9.
1605 1488 1650 1529 iv,
1671 1491 1727 1529 21,

1066 1533 1119 1562 25.
1178 1532 1333 1569 oneraria,
1368 1531 1537 1562 mercibus
1568 1531 1730 1563 vehendis

1066 1573 1238 1605 destinata
1251 1575 1283 1605 G
1297 1574 1342 1614 iv,
1357 1577 1411 1613 22,
1426 1577 1480 1605 25.
1523 1574 1680 1605 instructa
1695 1574 1726 1606 G

1067 1625 1100 1655 v,
1117 1618 1149 1646 2.
1195 1619 1279 1647 iectu
1292 1616 1425 1656 pellibus
1441 1616 1469 1648 C
1485 1616 1536 1655 iii,
1553 1620 1604 1647 15.

1025 1659 1088 1697 Νε,
1103 1667 1154 1697 ue,
1177 1659 1385 1699 coeruleum,
1400 1668 1462 1700 pro
1479 1662 1607 1700 utrum,
1631 1668 1674 1690 an
1696 1657 1729 1690 G

1068 1699 1127 1738 vii,
1151 1703 1203 1732 14.

1027 1742 1245 1774 Necessarium
1266 1746 1398 1784 tempus,
1423 1753 1490 1785 qno
1514 1752 1653 1775 necesse
1675 1747 1730 1776 est

1068 1785 1198 1826 aliquid
1214 1785 1330 1819 facere
1346 1790 1406 1817 aut
1418 1787 1493 1827 pati
1505 1786 1535 1818 G
1554 1786 1576 1826 i,
1592 1789 1644 1818 16.
1677 1796 1731 1817 ne-

1069 1828 1196 1877 cessarii
1226 1829 1336 1870 populi
1359 1828 1475 1868 iidem,
1504 1829 1561 1870 qui
1589 1837 1730 1861 consau-

1071 1880 1197 1911 gumen.

1028 1913 1213 1945 Necessario
1238 1916 1372 1955 coactus,
1399 1915 1606 1946 necessitate
1635 1922 1732 1946 coac-

1071 1960 1125 1987 tus
1142 1957 1174 1988 G
1191 1956 1214 1996 i,
1226 1959 1278 1987 17.

1029 1998 1237 2029 Necessitates
1252 1999 1279 2030 C
1294 1998 1317 2037 i,
1335 2001 1388 2029 17.

1030 2041 1246 2081 Necessitudo,
1269 2040 1379 2081 gratia
1401 2044 1438 2071 et
1465 2039 1628 2080 amicitia,
1652 2049 1729 2082 qnae

1070 2083 1214 2115 alterum
1231 2084 1326 2114 nobis
1343 2082 1527 2124 obstringit
1543 2084 1576 2115 G
1592 2083 1663 2124 viii,
1676 2086 1731 2116 5³.

1031 2126 1164 2166 Necubi,
1175 2136 1218 2157 ne
1234 2126 1360 2157 alicubi
1376 2125 1409 2158 G
1424 2125 1483 2166 vii,
1499 2129 1552 2157 35.

1033 2169 1204 2209 Negligere
1216 2169 1362 2208 injurias,
1377 2177 1443 2200 non
1459 2169 1579 2210 punire
1595 2169 1628 2201 G
1641 2168 1666 2210 i,
1679 2170 1733 2200 35.

1031 2211 1213 2252 Negotiari,
1226 2211 1270 2243 de
1285 2211 1455 2253 equitibus
1483 2213 1581 2243 Rom.
1597 2212 1632 2242 in
1655 2219 1734 2252 pro·

1073 2254 1208 2294 vinciis,
1226 2254 1424 2295 pecuniaria
1439 2263 1476 2285 re
1502 2258 1670 2295 quaestum
1683 2252 1734 2284 fa-

1073 2297 1244 2329 cientibus
1258 2297 1290 2329 G
1307 2297 1363 2335 vii,
1379 2300 1411 2328 3.
1437 2297 1464 2330 C
1480 2297 1530 2336 iii,
1547 2300 1621 2328 103.
1664 2296 1735 2328 Un-

1074 2340 1118 2371 de
1133 2341 1344 2380 negotiatores
1359 2340 1438 2372 ibid.
1464 2344 1499 2371 et
1515 2338 1574 2370 Af.
1591 2342 1643 2371 36.
1679 2337 1733 2370 ef.

1075 2382 1213 2414 Ernesti
1230 2383 1318 2424 disp.
1332 2382 1374 2414 (le
1385 2381 1658 2423 negotiatoribus
1667 2381 1734 2413 Ro-

1076 2426 1194 2466 manis,
1209 2426 1243 2457 in
1257 2426 1329 2466 ejus
1343 2435 1458 2466 opusc.
1468 2425 1587 2466 philol.
1603 2427 1641 2456 et
1653 2423 1732 2454 crit.

1035 2467 1218 2508 Negotium,
1248 2479 1307 2500 non
1337 2472 1383 2500 est
1413 2468 1578 2508 quidquam
1605 2465 1734 2505 negotii,

1076 2521 1144 2542 non
1161 2516 1213 2542 est
1239 2510 1381 2542 difficile
1408 2512 1441 2543 G
1466 2511 1501 2549 ii,
1528 2513 1578 2541 17.
1621 2516 1733 2547 mgna

1076 2554 1325 2594 negotio,multa
1339 2564 1416 2586 cum
1429 2552 1630 2585 difficultate
1644 2549 1687 2581 Α.
1700 2552 1732 2580 8.

1037 2597 1218 2637 Neque—ct
1237 2597 1265 2628 G
1285 2597 1329 2638 iv,
1343 2600 1395 2629 29.
1418 2606 1451 2636 ν,
1467 2598 1519 2626 19.
1543 2592 1573 2624 Α
1590 2595 1644 2624 38.
1678 2590 1732 2622 Cf.

1080 2641 1107 2672 c
1124 2640 1172 2679 iii,
1188 2643 1242 2680 28,
1257 2643 1311 2671 oo.

1038 2682 1268 2723 Nequidquam,
1282 2681 1408 2712 frustra
1423 2678 1454 2710 G
1471 2677 1540 2726 viij,
1555 2680 1604 2708 19.

1036 2725 1147 2764 Nervi,
1170 2727 1323 2764 potestas
1353 2722 1439 2761 ejus,
1469 2729 1525 2760 qui
1552 2721 1586 2752 iu
1613 2727 1734 2762 magna

1079 2766 1285 2798 auctoritate
1296 2769 1349 2797 est
1365 2765 1397 2796 G
1416 2763 1439 2802 ἰ,
1456 2765 1509 2795 20.
