1872 3104
1464 135 1577 179 1969

128 248 252 287 ι’-ἓίωκε
269 248 477 298 Πομπήϊον·
508 243 699 292 ἁψάμενος
719 240 761 278 δὲ
780 247 839 284 τῆς
857 239 1001 285 Ἀσίας,
1022 237 1193 276 Κνιδίους
1207 240 1223 257 ²
1254 240 1324 289 μὲν
1351 241 1574 296 Θεοπόμπῳ,

583 152 622 181 C.
653 149 690 180 J.
730 146 943 179 CAESARIS
988 145 1117 176 VITA.

127 316 174 363 ’,ᾦ
196 311 449 357 συναγαγόντι
470 305 549 345 τοὺς
567 308 711 354 μύθους,
732 305 992 354 χαριὲόμενος,
1019 304 1259 350 ἠλευθέρωσε,
1290 305 1348 340 καὶ
1380 310 1473 342 πᾶσι
1505 313 1577 345 τοῖς

1247 366 1310 404 Εἷς
1341 365 1369 404 δ’
1400 367 1578 414 Ἀλεξάν·

127 436 254 484 ἓρειαν
272 437 332 472 ε’πὶ
351 433 531 484 Πομπηΐῳ
551 433 736 477 τεθνηκότι
764 432 972 480 καταχθεὶς,
1003 428 1212 467 Θεόδοτον3
1245 431 1315 479 μὲν
1345 432 1576 484 ἀπεστράφη,

126 378 190 418 τὴν
207 373 343 410 Ἀσίαν
362 374 565 407 κατοικοῦσι
584 369 623 404 τὸ
644 372 766 416 τρίτον
799 374 870 403 τῶν
903 369 1021 417 φόρων
1041 368 1190 411 ἀνῆκεν.

123 502 188 544 τὴν
204 497 400 548 Πομπηΐου
415 499 580 547 κεφαλὴν
593 499 765 546 φέροντα,
782 496 848 538 τὴν
861 492 901 531 δὲ
917 492 1103 544 σφραγῖδα
1116 492 1135 514 4
1154 492 1347 542 δεξάμενος
1367 499 1428 532 τοῦ
1447 494 1579 546 ἀνδρὸς

126 560 401 609 κατεδάκρυσεν·
435 560 515 596 ὅσοι
545 557 584 595 δὲ
613 565 685 595 τῶν
713 559 868 606 ἑταίρων
896 559 1036 594 αὐτοῦς

1072 559 1130 594 καὶ
1151 560 1318 603 συνήθων
1338 560 1579 609 πλανώμενοι

125 628 215 663 κατὰ
234 628 300 670 τὴν
319 626 448 676 χώραν
468 624 682 660 ἑαλώκεσαν
714 622 783 658 ὑπὸ
810 626 873 658 τοῦ
896 619 1097 668 βασιλέως,
1119 621 1260 658 πάντας
1280 623 1498 670 εὐεργέτησε
1518 626 1578 659 καὶ

123 690 396 737 προσηγάγετο.
451 687 537 724 Τοῖς
557 686 597 724 δὲ
617 688 734 735 φίλοις
755 687 805 722 εἷς
823 684 968 734 Ῥώμην
989 686 1164 734 ἔγραφεν,
1195 685 1249 721 ὅτι
1279 694 1339 729 τῆς
1371 690 1467 731 νίκης
1488 688 1580 723 ἀπο-

125 756 230 789 λαύοι
251 760 356 789 τοῦτο
383 751 562 800 μέγιστον
581 751 638 786 καὶ
658 747 819 793 ἥδιστον,
857 748 896 785 τὸ
926 749 1063 785 σὼἓειν
1082 750 1181 786 τινὰς
1201 749 1258 784 ἀεὶ
1279 755 1350 786 τῶν
1370 752 1580 800 πεπολεμη-

125 817 238 852 κότων
257 818 417 852 πολιτῶν
438 815 548 864 αὐτῷ.
604 811 682 849 Τὸν
701 811 730 848 δ’
751 813 876 849 αὐτόθι
891 809 908 835 ⁶
938 814 1104 861 πόλεμον
1123 811 1156 848 οἷ
1181 812 1252 860 μὲν
1271 814 1335 848 οὒκ
1354 814 1577 860 ἀναγκαῖον,

125 881 210 916 ἀλλ’
229 880 332 927 ἔρωτι
351 878 624 925 Κλεοπάτρας,7
659 876 786 922 ἄδοξον
813 877 910 926 αὐτῷ
936 877 993 912 καὶ
1013 874 1227 920 κινδυνώδη,
1249 877 1426 922 γενέσθαι
1446 879 1582 924 λέγου-

127 955 200 980 σιν·
229 943 262 980 οἱ
296 941 337 979 δὲ
368 942 448 979 τοὺς
478 939 691 989 βασιλικοὺς
716 941 917 982 αἰτιῶνται,
950 940 1008 975 καὶ
1036 939 1204 988 μάλιστα
1222 939 1288 976 τὸν
1307 941 1488 991 εὐνοῦχον
1505 939 1583 979 Ho-

125 1005 280 1050 θεινι)ν,8
314 1006 351 1042 ὓς
375 1007 552 1041 πλεῖστον
571 1003 785 1053 δυνάμενος,
811 1003 876 1039 καὶ
896 1000 1095 1051 Πομπήϊον
1113 1003 1184 1053 μὲν
1202 1005 1387 1056 ἀνῃρηκὼς
1406 1005 1582 1055 ἔναγχος,

125 1067 359 1117 ἐκβεβληκὼς
373 1066 389 1087 ⁹
419 1065 460 1104 δὲ
491 1067 755 1115 Κλεοπάτραν,
782 1064 896 1114 κρύφα
915 1065 986 1115 μὲν
1004 1064 1235 1113 ἐπεβούλευε
1253 1070 1301 1118 τῷ
1321 1067 1500 1115 Καίσαρι·
1521 1072 1582 1105 καὶ

615 1132 648 1150 ¹0

124 1131 184 1170 διὰ
204 1140 310 1169 τοῦτο
342 1133 455 1182 φασὶν
486 1131 609 1175 αὐτὸν,
679 1130 886 1180 ἀρξάμενον
917 1131 957 1166 ἐκ
987 1131 1082 1175 τότε,
1117 1128 1405 1180 διανυκτερεύειν
1437 1132 1478 1168 ἐν
1507 1136 1582 1169 τοῖς

123 1196 258 1240 πότοις,
295 1197 403 1234 ἔνεκα
433 1198 596 1246 φυλακῆς
625 1199 687 1233 τοῦ
718 1195 896 1245 σώματος.
952 1193 1120 1243 Φανερῶς
1152 1193 1182 1232 δ’
1212 1196 1275 1232 οὐκ
1305 1194 1351 1239 ἦν
1380 1196 1578 1240 ἀνεκτὸς,ιι

125 1262 308 1310 ἐπίφθονα
327 1262 452 1296 πολλὰ
473 1261 530 1295 καὶ
549 1259 634 1307 πρὸς
654 1258 763 1308 ὕβριν
795 1261 845 1296 εἷς
875 1259 940 1296 τὸν
970 1258 1148 1308 Καίσαρα
1174 1261 1302 1306 λέγων
1321 1261 1380 1296 καὶ
1399 1260 1581 1308 πράττων.

125 1323 218 1361 Τοὺς
236 1324 308 1374 μὲν
329 1326 400 1371 γὰρ
424 1324 656 1371 στρατιώτας,
679 1323 741 1360 τὸν
761 1326 930 1360 κάκιστον
948 1327 1216 1372 μετρουμένους
1241 1325 1302 1360 καὶ
1330 1325 1583 1360 παλαιότατον

127 1392 242 1432 σῖτον,
264 1387 460 1424 ἐκέλευσεν
479 1388 686 1436 ἀνέχεσθαι
708 1389 765 1424 καὶ
787 1391 971 1437 στέργειν,
991 1388 1185 1426 ἐσθίοντας
1205 1389 1250 1425 τὰ
1270 1389 1463 1436 ἀλλότρια·
1497 1386 1584 1434 πρὸς

125 1449 164 1488 δὲ
183 1453 228 1488 τὰ
246 1449 380 1488 δεῖπνα
401 1451 569 1488 σκεύεσιν
590 1452 722 1501 ἐχρῆτο
741 1454 900 1497 ξυλίνοις
920 1454 978 1489 καὶ
998 1457 1199 1501 κεραμεοῖς,
1229 1455 1274 1489 ὡς
1302 1453 1346 1488 τὰ
1379 1456 1503 1502 χρυσᾶ
1524 1453 1583 1487 καὶ

1193 1513 1351 1565 ’Ώφειλε
1371 1516 1443 1563 γὰρ
1472 1515 1491 1551 ὁ
1518 1519 1582 1552 τοῦ

125 1517 269 1564 ἀργυρᾶ
301 1518 424 1552 πάντα
451 1514 641 1564 Καίσαρος
675 1516 825 1566 ἔχοντος
854 1515 908 1553 ε’ίς
940 1531 974 1553 τι
1010 1519 1130 1566 χρέος.

785 1656 926 1689 NOTAE

167 1744 186 1772 2
218 1738 354 1771 Κνιδίους
381 1739 452 1780 μὲν]
496 1740 604 1772 Dedit
630 1740 754 1772 Reiske
783 1738 826 1773 de

125 1802 196 1831 suo,
222 1802 282 1832 pro
306 1793 445 1833 vulgato
467 1797 521 1823 Κν.
537 1792 581 1823 δέ.
627 1792 826 1833 Legendum

124 1846 177 1873 est
193 1841 305 1882 potius
322 1841 459 1874 Κνιδίους
473 1854 521 1878 τε,
538 1852 612 1874 cum
627 1842 712 1874 Cod.
726 1842 825 1873 Vulc.

924 1745 942 1772 5
977 1740 1092 1781 Αὐτοῦ]
1137 1739 1307 1780 Πομπηΐου,
1333 1739 1430 1780 cujus
1459 1739 1584 1772 amicos

881 1792 1088 1823 Ptolemaeus
1114 1792 1147 1822 in
1169 1792 1305 1823 vincula
1320 1792 1532 1832 conjecerat,
1549 1795 1587 1823 et

880 1843 916 1874 in
932 1844 1077 1875 Caesaris
1092 1843 1236 1883 gratiam
1250 1842 1428 1874 liberabat.

123 1898 159 1924 et
186 1892 308 1933 Aaou„
338 1893 504 1933 probante
531 1894 682 1934 Bryano,
706 1897 743 1924 ut
771 1902 826 1924 vo-

123 1945 207 1976 culae
228 1956 264 1975 τε
290 1945 520 1986 respondeant
545 1945 580 1974 in
603 1943 824 1984 sequentibus

123 1995 173 2026 καὶ
188 1997 274 2027 πᾶσι.
319 1996 560 2036 Theopompus
573 1994 725 2034 Cnidius,
735 1994 828 2024 Stra-

126 2047 213 2078 bone
230 2052 330 2087 teste,
355 2045 423 2078 fuit
448 2047 464 2076 ὁ
492 2044 645 2085 Καίσαρος
667 2045 724 2074 τοῦ
749 2044 827 2075 Θεοῦ

124 2095 226 2136 φίλος,
239 2098 302 2126 τῶν
314 2095 440 2135 μεγάλα
454 2094 636 2135 δυναμένων,

167 2150 187 2177 3
211 2145 375 2186 Θεόδοτον]
406 2147 601 2178 Theodotus
618 2146 732 2184 Chius,
745 2146 827 2176 Pto-

125 2198 234 2229 lemaei
263 2201 459 2238 praeceptor
484 2196 698 2235 Rhetorices,
725 2196 827 2227 Pom-

126 2249 238 2289 peium
265 2246 536 2278 interficiendum
566 2251 731 2285 suaserat,
757 2246 828 2287 qui-

126 2299 189 2331 bus
205 2297 412 2339 argumentis
435 2297 511 2328 vide
537 2297 573 2327 in
598 2297 691 2331 Piut.
709 2297 827 2337 Pomp.

125 2359 156 2382 c.
172 2352 226 2380 77.
283 2349 393 2381 Quem
410 2348 536 2379 Caesari
551 2354 658 2388 caput
673 2348 828 2388 Pompeii

125 2404 161 2432 et
178 2399 335 2430 annulum
351 2398 521 2437 obtulisse,
548 2398 636 2429 Livii
659 2398 753 2438 Epit.
769 2398 827 2429 lib.

126 2453 200 2482 112.
223 2450 414 2481 confirmat.
460 2450 634 2480 Caesarem
657 2447 828 2480 infensum

125 2501 245 2533 videns
275 2510 318 2531 ex
347 2500 497 2540 AEgypto
526 2498 690 2540 profugit,
724 2505 827 2540 atque

126 2557 204 2593 post
220 2551 365 2583 Caesaris
390 2556 531 2581 mortem
560 2551 595 2580 in
621 2549 704 2580 Asia
718 2549 760 2580 ab
776 2549 827 2580 M.

124 2602 234 2634 Bruto
249 2601 461 2641 interceptus
477 2601 599 2632 misere
615 2599 727 2640 periit.

166 2655 188 2684 4
209 2651 272 2690 Τὴν
285 2652 458 2692 σφραγῖδα]
493 2650 556 2682 ε’Ἦν
570 2649 602 2682 δὲ
625 2649 733 2691 γλυφὴ
748 2648 828 2682 λέων

124 2701 259 2744 ξιφήρης.
304 2703 425 2742 Pomp.
443 2712 473 2733 c.
491 2705 543 2733 80.

211 2756 328 2797 Delph.
343 2759 374 2787 et
394 2755 470 2788 Var.
488 2755 574 2786 Clas.

812 2754 894 2785 Coes.

922 1896 942 1924 6
965 1893 1091 1933 Ait-rdet]
1114 1892 1340 1924 Alexandriae.

923 1947 941 1975 7
973 1945 1058 1975 Post
1088 1941 1292 1983 Κλεοπάτρας
1315 1942 1453 1974 videtur
1479 1941 1588 1984 ἀνῃρη-

879 1993 971 2033 μένον
997 1994 1126 2035 deesse,
1152 2003 1254 2025 amore
1272 1994 1444 2034 Cleopatroe
1467 2003 1586 2035 suscep-

880 2050 958 2077 tum.
1004 2046 1130 2077 Reisxke.

925 2100 944 2127 8
967 2096 1126 2136 Ποθεινὸν]
1171 2095 1225 2127 Sic
1250 2096 1367 2128 Caesar
1392 2100 1429 2126 et
1451 2095 1589 2126 Plutar-

882 2147 963 2178 chus
979 2147 1014 2177 in
1031 2146 1112 2177 Vita
1128 2146 1297 2187 Pompeii.
1312 2163 1355 2168 —
1371 2144 1455 2176 Cod.
1472 2145 1585 2176 Anon.

881 2203 917 2229 et
947 2199 1002 2229 alii
1033 2199 1160 2229 Φοτΐνον
1188 2198 1318 2238 legunt.
1381 2197 1498 2228 Caesar
1528 2205 1585 2227 111.

882 2251 955 2280 112.
990 2249 1162 2279 nutricium
1186 2248 1277 2288 pueri
1305 2245 1518 2288 (Ptolemaei)
1556 2249 1587 2278 et

878 2302 1107 2340 procuratorem
1121 2300 1211 2339 reg-ui
1225 2299 1378 2340 appellat
1392 2309 1400 2336 3
1420 2298 1587 2339 quiPom-

882 2349 996 2389 peium
1011 2358 1076 2379 non
1099 2358 1161 2379 sua
1175 2358 1276 2379 manu
1298 2348 1358 2379 sed
1384 2357 1448 2389 per
1473 2346 1587 2388 Septi-

882 2400 987 2437 nium,
1003 2399 1150 2430 Salvium
1167 2404 1202 2431 et
1215 2398 1383 2430 Achillam
1400 2397 1587 2429 occiderat.

924 2452 946 2480 9
967 2448 1201 2488 Ἐκβεβληκὼς]
1246 2449 1300 2479 Sc.
1329 2457 1371 2478 ex
1401 2448 1509 2488 regia,
1532 2454 1588 2486 ne,

883 2510 926 2531 ex
954 2505 1156 2531 testamento
1181 2498 1298 2538 patris,
1314 2498 1504 2528 Ptolemaeo
1527 2505 1587 2527 nu·

882 2550 954 2589 bat,
969 2550 1132 2590 regnique
1148 2550 1191 2579 sit
1207 2548 1394 2588 particeps.

926 2603 966 2630 10
989 2598 1102 2640 Αὐτὸν]
1139 2599 1318 2629 Coesarem.

926 2652 965 2681 ll
989 2647 1146 2689 Ἀνεκτὸς]
1189 2647 1372 2680 Pothinus.
1395 2685 1397 2688 ἱ

1438 2749 1499 2781 61
