1872 3104
621 178 660 206 c.
693 178 727 205 J.
761 174 975 204 cAESAms
1012 172 1141 201 vi'rA.
1496 165 1609 206 1949

161 274 317 323 ἔχοντας
337 274 426 309 ἄνευ
443 277 514 308 τῶν
534 271 662 306 ἄλλων
681 269 836 312 ὅτι-λων,1
872 271 1077 317 κατασχεῖν
1095 265 1304 315 Ἀρίμινον,
1325 272 1384 309 τῆς
1405 266 1578 313 Κελτικῆς
1593 271 1607 286 ²

160 337 335 385 μεγάλην
353 335 476 375 πόλιν,
497 336 542 370 ὡς
562 331 756 382 ἐνδέχεται
777 333 941 380 μάλιστα
962 332 1204 377 φεισαμένους
1223 330 1336 379 φόνου
1357 331 1414 364 καὶ
1435 341 1607 379 ταραχῆς·

157 398 368 447 Ὁρτησίῳ3
403 396 444 433 δὲ
474 398 538 440 τὴν
564 395 711 445 δι’]ναμιι
752 393 974 443 παρέδωκεν.
1051 393 1171 430 Αὐτὸς
1204 392 1242 429 δὲ
1276 395 1341 437 τὴν
1370 394 1440 442 μὲν
1470 395 1609 442 ἡμέραν

158 460 286 508 διῆγεν
312 462 353 496 ἓν
385 463 542 510 φανερῷ,
570 459 798 509 μονομάχοις
830 459 987 508 ἐφεστὼς
1018 457 1319 506 γυμναέομένοις
1340 459 1398 493 καὶ
1418 458 1608 506 θεώμενος’

157 523 284 573 μικρὸν
317 521 356 558 δὲ
386 522 452 570 πρὸ
487 523 642 569 ἑσπέρας
668 524 897 569 θεραπεύσας
929 520 967 556 τὸ
1003 526 1121 568 σῶμα,
1142 520 1201 555 καὶ
1235 522 1430 567 παρελθὼν
1461 523 1512 557 εἷς
1545 520 1610 558 τὸν

158 584 342 633 ἀνδρῶνα,
364 587 421 620 καὶ
441 586 716 634 συγγενόμενος
734 582 885 634 βραχέα
914 587 988 619 τοῖς
1016 584 1250 631 κεκλημένοις
1281 584 1341 619 ἐπὶ
1372 583 1411 620 τὸ
1444 582 1607 628 δεῖπνον,

156 646 222 693 ἤδη
245 649 533 687 συσκοτάὲοντος
552 647 758 693 ἐξαι’έστη,4
777 649 836 683 καὶ
852 649 862 669 ⁵
891 645 970 683 τούς
989 647 1060 695 μὲν
1079 647 1215 683 ἄλλους
1234 649 1520 697 φιλοφρονηθεὶς,
1551 650 1609 684 καὶ

1286 711 1424 756 ὀλίγοις
1461 708 1502 746 δὲ
1538 716 1610 747 τῶν

1526 772 1607 809 διώ-

157 710 332 748 κελεὺσας
368 714 580 760 περιμένειν
627 710 739 747 αὑτὸν
791 713 834 747 ὡς
877 710 1237 758 ἐπανελευσόμενον·

155 775 272 824 φίλων
313 778 519 821 προείρητο,
560 777 609 822 μὴ
648 777 739 811 κατὰ
776 774 815 811 τὸ
853 774 939 811 αὐτὸ
968 774 1121 817 πάντας,
1161 775 1279 809 ἄλλον
1316 771 1345 809 δ’
1391 775 1488 824 ἄλλῃ

155 851 244 874 κειν.
299 836 421 874 Αὐτὸς
452 836 491 873 δὲ
522 843 593 874 τῶν
624 839 781 886 μισθίων
811 837 960 884 Ξευγῶν
985 834 1144 882 ἑπιβὰςὸ
1173 836 1265 879 ἑνὸς,
1287 837 1451 880 ἤλαυνεν
1480 837 1609 885 ἑτέραν

156 902 237 937 τινὰ
274 908 414 948 πρῶτον
451 899 550 945 ὁδὸν,
589 899 668 938 εἶτα
701 901 787 948 πρὸς
832 900 872 937 τὸ
907 900 1103 948 Ἀρίμινον
1140 898 1375 947 ἐπιστρέψας,
1415 902 1459 935 ὡς
1496 898 1609 943 ἦλθεν

154 964 214 1000 ἐπὶ
249 964 313 1001 τὸν
350 964 550 1011 ὀρίὲοντα7
599 967 664 1008 τὴν
700 964 800 1001 ἐντὸς
831 962 1017 999 ”Αλπεων
1060 961 1258 999 Γαλατίαν
1289 963 1362 999 ἀπὸ
1400 969 1459 1005 τῆς
1491 963 1611 1008 ἄλλης

154 1027 314 1065 Ἰταλίας
349 1028 529 1076 ποταμὸν,
563 1026 781 1075 (Ῥουβίκων
820 1028 1003 1072 καλεῖται)
1033 1028 1092 1063 καὶ
1128 1026 1309 1076 λογισμὸς
1345 1026 1456 1063 αὐτὸν
1494 1026 1610 1079 εἰσῄει

152 1093 300 1140 μᾶλλον
335 1092 542 1139 ε’γγίὲοντα
573 1095 622 1143 τῷ
656 1090 775 1142 δεινῷ,
809 1092 867 1127 καὶ
906 1090 1223 1140 περιφερόμενον3
1263 1093 1313 1140 τῷ
1348 1092 1500 1139 μεγέθει
1537 1097 1609 1127 τῶν

154 1156 414 1204 τολμωμένων,
446 1155 537 1205 ἔσχε
570 1154 635 1191 τὸν
669 1152 815 1203 δρόμον·
856 1155 916 1189 καὶ
948 1155 1014 1197 τὴν
1051 1156 1206 1202 πορείαν
1237 1154 1448 1197 ἐπιστήσας,
1484 1155 1610 1190 πολλὰ

153 1217 222 1267 μὲν
261 1218 367 1254 αὐτὸς
403 1218 444 1254 ἐν
494 1218 610 1268 ἑαυτῷ
661 1216 846 1264 διήνεγκε,
894 1219 983 1269 σιγῇ
1022 1218 1088 1260 τὴν
1130 1218 1284 1266 γνώμην
1326 1218 1381 1253 ἐπ’
1421 1218 1607 1267 ἀμφότερα

152 1280 471 1330 μεταλαμβάνων,
492 1282 551 1317 καὶ
570 1282 703 1328 τροπὰς
725 1281 839 1330 ἔσχεν
871 1282 968 1331 αὐτῷ
1000 1282 1082 1317 τότε
1115 1280 1154 1317 τὸ
1186 1278 1381 1329 ,Sotae-vna
1414 1282 1607 1317 πλείστας·

154 1346 277 1380 πολλὰ
297 1342 338 1380 δὲ
357 1346 416 1380 καὶ
435 1351 507 1381 τῶν
525 1347 644 1394 φίλων
663 1349 736 1381 τοῖς
752 1348 946 1393 παροῦσιν,
978 1341 1032 1380 ὦν
1064 1342 1109 1388 ἧν
1139 1344 1198 1379 καὶ
1225 1343 1407 1380 Πολλίων
1426 1342 1604 1387 Ἀσίνιος,

154 1404 456 1455 συνδιηπόρησεν,
475 1408 811 1456 ἀναλογιέόμενος,
832 1409 969 1452 ἡλίκων
989 1414 1108 1444 κακῶν
1137 1407 1234 1455 ἄρξει
1259 1412 1377 1443 πᾶσιν
1405 1407 1608 1454 ἀνθρώποις

1428 1470 1547 1507 Τέλος
1566 1468 1608 1506 δὲ

151 1535 244 1581 μετὰ
263 1535 376 1583 θυμοῦ
395 1548 502 1577 τινος,
525 1536 647 1582 ὥσπερ
666 1535 769 1585 ἀφεὶς
789 1533 922 1571 ἑαυτὸν
944 1535 983 1570 ὲκ
1001 1538 1064 1570 τοῦ
1082 1536 1267 1584 λογισμοῦ
1286 1533 1372 1582 πρὸς
1391 1533 1430 1570 τὸ
1450 1535 1607 1583 μέλλον,

153 1471 173 1514 ἡ
193 1467 379 1516 διάβασις,
406 1470 495 1507 ὅσον
524 1486 563 1507 τε
597 1472 715 1518 λόγον
735 1472 843 1514 αὐτῆς
857 1471 872 1490 9
906 1475 978 1507 τοῖς
997 1468 1098 1507 αὖθις
1117 1471 1376 1518 ἀπολείψουσι.

151 1596 209 1634 καὶ
229 1601 332 1634 τοῦτο
354 1595 395 1640 δὴ
415 1597 454 1634 τὸ
476 1597 597 1635 κοινὸν
629 1603 701 1635 τοῖς
729 1601 780 1636 εἰς
812 1601 926 1649 τύχας
956 1595 1203 1647 ἐμβαίνουσιν
1223 1598 1379 1647 ἀπόρους
1394 1598 1452 1634 καὶ
1471 1599 1610 1647 τόλμας

808 1722 947 1754 NOTAE

195 1805 210 1832 1
244 1800 336 1833 'Auen
365 1804 425 1834 τῶν
451 1802 557 1835 ἄλλων
583 1804 702 1847 ὅπλων]
745 1806 793 1837 Η.
820 1816 851 1838 e·

151 1850 301 1892 εἰρηνικῶς
329 1853 544 1892 ἐσταλμένους.
599 1856 653 1887 Ne
681 1856 749 1886 sint
783 1866 853 1887 sns-

152 1902 256 1942 pecti,
273 1903 300 1933 si
317 1904 435 1934 armati
463 1914 504 1935 ex
533 1905 709 1945 provincia
731 1906 765 1936 in
785 1905 853 1936 Ita·

149 1952 225 1985 liam
244 1955 447 1993 transgressi
464 1955 672 1987 viderentur.

194 2006 213 2034 2
235 2004 296 2040 Τῆς
312 2004 478 2044 Κελτικῆς]
522 2005 592 2036 Vit.
619 2006 718 2037 Pom.
744 2015 774 2036 c.
800 2008 852 2038 60.

150 2053 205 2088 τῆς
231 2052 379 2091 Ἰταλίας,
404 2055 493 2095 quod
522 2055 597 2086 huic
625 2056 699 2087 loco
731 2065 852 2086 conve-

151 2102 298 2133 nientius
325 2108 388 2134 est.
450 2105 512 2136 Est
541 2106 631 2136 enim
660 2105 849 2136 Ariminum

151 2152 263 2183 Italiae
280 2154 429 2193 proprioe
457 2155 535 2185 urbs
562 2155 670 2195 prima
694 2155 735 2185 ad
758 2165 850 2186 mare

152 2211 323 2242 superum,
347 2203 491 2233 Galliam
509 2205 708 2244 cisalpinam
723 2215 850 2237 versus.

152 2252 294 2283 Poterat
313 2252 527 2283 veroeadem
556 2258 591 2284 et
621 2255 741 2285 Gallim
772 2255 851 2286 urbs

153 2301 233 2340 dici,
264 2302 341 2342 qnia
370 2303 543 2334 Semnones
572 2313 645 2334 eam
677 2305 852 2344 tenebant,

153 2351 245 2382 Galli
275 2353 421 2391 natione,
452 2354 600 2394 quamvis
637 2354 749 2385 Italiae
780 2365 854 2396 pro-

153 2402 237 2441 priae
255 2402 454 2441 particulam
471 2408 639 2434 tenerent.

196 2454 214 2482 3
238 2451 402 2491 Ὁρτησίῳ]
446 2453 492 2484 H.
519 2463 549 2484 e.
581 2455 624 2486 Q.
656 2454 854 2492 Hortensio,

153 2503 296 2532 oratoris
315 2502 394 2541 filio,
410 2503 466 2542 qui
483 2512 548 2533 non
576 2504 624 2534 ita
647 2504 753 2534 multo
776 2509 854 2544 post

153 2552 252 2582 classi
270 2553 411 2583 (Jaesaris
429 2551 576 2591 praefuit.

196 2605 216 2633 4
238 2601 419 2641 Ἐξανέστη]
440 2603 494 2633 Ὦς
508 2602 544 2639 δὴ
556 2601 593 2632 τὸ
607 2603 694 2639 σῶμα
709 2601 854 2641 ἐνοχλού-

154 2664 252 2690 μενος.
295 2652 442 2693 Appian.

198 2706 216 2734 5
250 2702 310 2735 Καὶ
339 2702 472 2736 videtur
500 2702 701 2743 redundare,
731 2706 792 2734 aut
817 2701 851 2733 in

907 1816 1004 1846 prox.
1018 1815 1106 1847 pone
1123 1803 1402 1844 ἐπανελευσόμενον
1413 1804 1510 1835 deest
1521 1801 1610 1845 ἐξῄει.

907 1858 1033 1888 Reiske.

948 1911 968 1938 6
988 1907 1160 1946 Ἐπιβῆναι,
1186 1906 1275 1947 quod
1301 1904 1415 1940 sciam,
1443 1914 1509 1935 non
1532 1913 1608 1935 cum

907 1958 1057 1999 genitivo
1074 1955 1292 1994 construitur,
1309 1954 1368 1986 sed
1383 1958 1442 1985 aut
1457 1963 1533 1985 cum
1552 1953 1609 1984 da-

905 2007 975 2037 tivo
992 2010 1050 2036 aut
1067 2015 1142 2036 cum
1159 2005 1362 2036 accusativo.
1407 2004 1454 2035 At
1469 2008 1609 2044 usurpat

905 2061 1019 2087 tamen
1034 2056 1236 2086 Plutarchus
1251 2065 1326 2086 cnm
1344 2054 1506 2095 genitivo.
1530 2054 1609 2085 Vid.

905 2117 935 2138 c.
954 2109 1007 2136 45.
1025 2105 1084 2136 fin.
1130 2105 1256 2136 Reiske.

947 2160 966 2187 7
989 2155 1168 2196 Ὁρίζοντα]
1192 2155 1275 2186 Cum
1293 2154 1377 2185 Cod.
1392 2154 1431 2184 V.
1450 2158 1484 2184 et
1497 2152 1609 2184 Anon.

907 2210 942 2237 et
958 2207 1080 2237 Solano
1097 2204 1268 2245 διορίζοντα
1287 2205 1402 2244 legere
1419 2204 1566 2234 mallem.

949 2258 968 2285 8
1006 2253 1260 2295 Περιφερόμενον]
1319 2253 1444 2284 Reiske
1480 2252 1610 2283 mavult

907 2303 1210 2344 συμπεριφερόμενον.
1258 2303 1352 2334 Idem
1367 2312 1443 2332 mox
1459 2311 1501 2332 ex
1518 2301 1608 2341 conj.

907 2355 1044 2395 scripsit
1060 2354 1137 2393 ἔσχε
1151 2355 1206 2385 τὸν
1222 2353 1330 2394 δρόμον
1346 2354 1399 2393 (nt
1415 2362 1445 2382 c.
1460 2351 1529 2392 52.)
1546 2361 1608 2391 pro

907 2400 1045 2445 vulgata
1062 2404 1175 2444 ἔσχετο
1192 2403 1311 2444 δρόμου.
1357 2403 1512 2441 Utroque
1534 2401 1608 2431 loco

908 2455 1045 2494 vulgata
1070 2464 1138 2485 non
1165 2459 1238 2484 erat
1265 2451 1473 2484 solicitanda.
1518 2449 1607 2480 Vide

905 2505 1072 2544 Stephani
1089 2505 1307 2534 Thesanrnm.

949 2557 969 2585 9
990 2554 1104 2593 Αὐτῆς]
1119 2554 1244 2584 Reiske
1260 2553 1346 2582 hanc
1360 2559 1475 2580 vocem
1489 2549 1608 2580 abesse

906 2603 1035 2633 mavult
1049 2613 1058 2640 3
1083 2612 1146 2643 ego
1162 2602 1247 2634 fero.
1291 2602 1360 2632 Τοῖς
1375 2598 1458 2631 αὖθις
1473 2609 1523 2631 sc.
1539 2599 1607 2630 ἔσο·

905 2652 1017 2691 μένοις.
