1872 3104
654 181 987 211 LATthTATls.

136 278 194 309 sed
213 276 280 308 vid.
299 281 406 307 notas.

95 320 293 352 continuatio
308 316 450 349 imbrium
466 314 497 346 G
515 313 563 352 iii,
578 313 632 346 29¹.

95 367 212 395 canera
227 366 328 402 atque,
353 367 448 390 secus
463 367 502 387 ac
520 357 551 388 G
568 358 614 396 iv,
631 360 682 388 13.
699 357 726 388 C
743 357 790 394 iii,

138 410 187 437 12.
232 406 348 440 contra,
364 410 382 430 e
400 400 538 439 regione
556 399 585 430 G
606 399 654 439 iii,
677 403 706 430 9.
732 400 790 438 vii,

134 452 187 480 62.
223 448 327 476 curtim
355 443 470 472 hostem
499 442 663 473 corisislere
693 442 722 473 G
756 443 791 482 ii,

137 495 187 523 17.
228 491 334 531 portas
359 488 465 515 contra
492 486 623 525 aliquem
650 486 790 516 claudere

94 573 282 606 Contralnere
296 573 411 608 castra,
428 569 540 600 facere
556 575 714 609 angusta,
733 571 791 600 mi-

131 615 221 648 noris
236 613 384 644 ambitus
401 614 431 644 G
450 623 483 653 v,
506 615 558 644 49.
583 613 640 652 vii,
665 615 718 644 40.
743 612 789 644 cf.

129 659 290 697 angustus.

91 699 256 731 Contraria
272 698 364 728 alicui
381 698 504 735 cit-itas,
521 696 653 728 hostilis
672 697 706 728 H
726 701 756 729 l.

91 742 275 774 Contributa
297 742 408 771 cii-itus
429 750 497 770 cum
521 740 583 770 alia
596 741 738 780 civitate,
760 741 791 771 ei

130 784 308 822 attributa,
328 793 403 814 cum
420 791 459 812 ea
477 783 661 823 conjuncta
676 784 736 820 sic,
754 787 791 814 ut

130 828 172 859 ab
200 836 253 865 ea,
283 831 320 856 ut
346 826 484 866 majore,
510 825 660 866 pendeat
682 826 791 867 (daza-

128 868 328 910 gescmagen)
345 869 371 899 C
389 869 412 905 i,
429 871 482 898 60.

91 912 334 945 contubernium
351 911 377 942 C
393 911 440 950 iii,
454 914 506 942 76.

90 955 296 991 Contumelia,
313 964 412 996 quam
429 954 521 984 navis
539 951 671 993 perfert
689 953 719 984 G
744 952 791 992 ili,

134 1001 186 1030 13.
203 998 223 1028 i.
238 1008 267 1028 e.
288 997 348 1036 vis,
361 1005 460 1037 quam
475 995 579 1026 infert
593 1000 792 1035 tempestas,

131 1040 302 1080 scopulus,
320 1039 435 1070 bostis.
478 1038 641 1068 Similiter
667 1037 792 1069 dicitur

131 1082 252 1124 injuria
267 1092 293 1112 s.
311 1081 531 1112 inclementia
549 1081 776 1120 tempestatis,

90 1125 319 1163 Convaleuere,
346 1124 432 1154 vires
460 1133 595 1164 capere,
621 1123 664 1154 de
695 1123 792 1154 hoste

131 1167 310 1199 debilitato
327 1165 383 1197 Af.
400 1169 453 1196 25.

90 1211 252 1246 Conrenoe,
283 1209 445 1240 colluvies
473 1208 645 1239 homiuum
677 1207 708 1240 A
739 1211 792 1240 24,

130 1250 315 1292 σύγκλυδες.

92 1295 266 1327 Conventus
280 1295 329 1336 (G
346 1295 369 1333 i,
384 1296 436 1325 54.
461 1304 492 1333 v,
506 1296 535 1324 l.
549 1298 585 1325 et
601 1293 698 1334 alibi)
713 1297 793 1325 sunt

132 1343 322 1369 conventus
343 1337 516 1367 hominum
536 1336 791 1377 provincialium

132 1380 165 1411 in
182 1386 296 1411 cei-tas
313 1379 424 1418 urbes,
453 1389 527 1420 quae
552 1385 586 1409 et
610 1379 692 1419 ipsae
726 1389 793 1409 con-

129 1427 238 1453 tentus
266 1421 427 1453 dicuutur
449 1421 495 1461 (G
523 1421 591 1460 viii,
614 1420 684 1461 46),
711 1426 747 1452 ct
774 1431 792 1452 e

132 1464 304 1506 primariis
333 1464 517 1504 provinciae
541 1464 680 1494 urbibus
704 1469 794 1502 sunt,

132 1512 171 1539 ut
187 1517 302 1538 coram
319 1506 544 1545 Proconsnle,
573 1516 636 1546 per
658 1506 794 1546 provin-

133 1550 218 1581 ciam
249 1547 500 1590 jurisdictionis
525 1558 628 1579 causa
655 1550 721 1579 iter
749 1548 794 1579 fa-

131 1592 258 1630 ciente,
281 1597 317 1623 et
332 1592 366 1622 in
383 1591 485 1623 certis
501 1591 567 1622 illis
582 1591 723 1622 urbibus
736 1592 793 1631 jus

133 1635 282 1674 dicente,
299 1635 332 1665 in
349 1633 424 1665 foro
444 1639 678 1674 compareant.
711 1634 794 1664 tenir

134 1677 178 1708 les
190 1677 311 1716 assises,
336 1676 497 1707 assmnbler
511 1677 555 1706 les
569 1675 661 1707 etats.
707 1676 792 1707 Cum

134 1724 250 1751 autem
283 1728 349 1749 non
376 1718 502 1758 oppida
531 1717 693 1749 dicuntur
716 1727 794 1749 con-

134 1767 270 1801 ventus,
294 1761 353 1792 sed
377 1765 564 1791 conventus
592 1760 795 1800 oppidorum

133 1813 422 1846 quorumcumque
435 1802 709 1843 provincialium,
724 1808 795 1833 tum

133 1851 213 1878 sunt
228 1847 319 1878 cives
338 1845 493 1885 Romani,
517 1845 588 1886 qui,
606 1851 732 1885 praeter
749 1846 796 1876 in·

134 1889 288 1931 digenas,
298 1899 323 1919 s.
335 1889 526 1930 inquilinos,
538 1888 652 1929 aliqua
663 1888 706 1919 de
719 1897 797 1919 cau-

134 1933 221 1964 sain
238 1931 400 1972 oppidani
424 1936 669 1970 convenerunt,
689 1934 727 1961 ut
748 1930 795 1961 ibi

133 1974 302 2017 habitent,
325 1973 558 2013 negotientur,
577 1974 691 2014 ibique
708 1983 796 2004 com-

134 2022 322 2049 morentur.
364 2017 422 2048 Sic
449 2019 613 2047 contentus
641 2015 796 2047 Uticensis

136 2058 194 2091 Af.
210 2062 262 2091 68.
279 2060 318 2092 C.
343 2059 378 2099 ii,
402 2062 452 2090 19.
476 2059 513 2090 it.
539 2058 595 2090 Af.
618 2061 659 2089 97
685 2063 720 2089 et
741 2061 794 2089 9ο.

136 2102 196 2133 ubi
226 2102 346 2132 incolae
376 2102 558 2133 Uticenses
584 2101 796 2141 distinguun-

138 2149 196 2176 tur
206 2153 226 2174 a
239 2144 398 2175 Romanis
410 2144 692 2183 negotiatoribus.
718 2145 797 2175 Con-

137 2190 246 2218 ventus
256 2189 364 2227 portas
377 2186 492 2218 claudit
509 2187 536 2217 C
560 2186 596 2224 ii,
621 2189 673 2217 19.
697 2185 742 2217 cf.
765 2195 795 2217 c.

138 2232 193 2268 21,
219 2228 277 2260 ubi
304 2229 395 2259 cives
422 2229 566 2259 Romani
587 2229 650 2260 hoc
673 2227 797 2260 fecisse

140 2272 310 2303 dicuntur.
353 2271 516 2302 Similiter
551 2271 610 2311 vii,
632 2274 686 2302 55.
717 2271 744 2302 C
773 2271 796 2308 i,

141 2317 194 2345 14.
216 2313 264 2353 iii,
280 2316 313 2351 9,
327 2316 382 2353 21,
399 2315 453 2353 29,
468 2316 521 2353 32,
536 2316 589 2344 4ο.
615 2313 646 2344 Α
666 2316 721 2353 57,
742 2316 795 2344 58.

141 2355 197 2390 Cf.
214 2356 366 2388 Gronov.
383 2356 529 2388 Observ.
544 2356 577 2387 G
593 2355 639 2396 iii,
657 2358 710 2388 22.

101 2399 286 2431 som-ortem
306 2400 379 2439 iter,
401 2399 557 2430 aliorsum
581 2399 629 2429 ire
646 2399 678 2430 G
695 2399 718 2437 i,
744 2401 796 2433 23.

141 2442 232 2473 Hinc
248 2445 422 2473 convertere
435 2442 539 2481 signa,
552 2442 712 2472 aliorsum
730 2440 797 2472 fer-

141 2494 190 2524 re,
201 2485 232 2516 G
247 2485 269 2523 i,
280 2487 334 2515 25.
351 2490 387 2515 et
395 2484 489 2524 signa
498 2494 642 2516 conversa
654 2485 686 2515 ia
698 2484 798 2515 hostes

138 2527 267 2566 inferre,
284 2526 366 2565 Gii,
389 2529 442 2558 26.
479 2537 639 2558 conversus
665 2528 706 2558 ad
731 2527 798 2557 hos-

140 2573 215 2609 tem,
227 2578 343 2601 versus
355 2570 488 2600 hostem
503 2569 534 2601 G
548 2569 597 2608 iii,
607 2572 658 2600 29.
674 2579 797 2600 concer-

141 2622 174 2643 sa
189 2622 286 2651 mens,
299 2617 429 2643 mutata
443 2612 474 2644 G
487 2612 509 2651 i,
519 2614 572 2643 41.
595 2616 799 2644 convertere

143 2660 254 2687 castra
269 2655 390 2686 castris
406 2655 433 2686 C
450 2655 471 2694 i,
488 2658 542 2685 81.

104 2698 293 2736 Conricium,
308 2698 473 2729 clamores
489 2698 516 2729 C
533 2697 555 2735 i,
570 2700 601 2727 2.

106 2740 302 2781 Com-incorr,
316 2740 452 2772 avaritia
464 2740 667 2778 conrincitur,
681 2738 800 2780 aliquis

1435 174 1544 214 xlvii

886 281 984 302 conv.
1001 271 1153 303 avaritiae
1170 272 1200 302 G
1220 272 1242 311 i,
1258 275 1312 303 40.

846 314 1083 353 CvnmInernre,
1113 315 1291 345 vulnerare
1320 312 1377 344 Af.
1401 318 1432 353 ὓ,
1452 320 1483 349 7,
1509 327 1543 350 et

887 367 977 397 sirpe
995 358 1027 387 in
1046 357 1139 387 libris
1155 357 1198 387 de
1215 356 1255 387 B.
1273 356 1331 387 Af.
1349 362 1383 387 et
1403 358 1446 389 Η.

846 400 956 439 Copia,
982 399 1166 430 uniltitudo
1195 399 1364 429 hominum
1389 398 1421 430 G
1446 401 1468 439 i,
1492 405 1545 434 48.

887 441 945 472 Af.
961 445 1009 472 10.
1029 442 1183 482 nbicopia
1193 452 1290 482 parra
1303 442 1442 474 (licitur.
1459 445 1546 483 eopia

885 485 1031 524 expedita
1063 484 1120 515 Af.
1150 488 1202 516 80.
1220 486 1305 525 copia
1320 486 1472 525 pedestris
1487 485 1546 517 Ar.

888 530 939 564 10,
956 530 1007 558 38.
1026 527 1058 558 Η
1078 530 1109 559 6.
1129 527 1196 558 vid.
1215 528 1333 558 Davis.
1351 528 1392 558 ad
1410 529 1437 560 C
1452 529 1474 567 i,
1491 532 1545 560 45.

886 574 922 600 et
938 570 1068 600 Victor.
1092 570 1134 601 ad
1160 571 1230 603 Cic.
1250 570 1291 601 ad
1309 570 1385 602 Att.
1403 581 1457 612 ep.
1476 571 1547 612 viii,

845 654 962 695 Copiae,
993 654 1190 692 facultates,
1227 661 1447 693 commeatus,
1477 655 1548 686 sru-

886 704 1048 735 mentum,
1071 699 1231 728 alimenta
1255 699 1284 729 G
1312 699 1335 736 i,
1364 701 1415 729 31.
1441 699 1476 737 ii,
1495 702 1546 730 10.

886 740 932 778 iv,
948 744 978 772 4.
1003 739 1060 770 Af.
1079 743 1129 771 36.
1173 741 1229 772 Sic
1247 746 1282 771 et
1303 742 1384 772 Tac.
1409 740 1497 773 Anu.
1523 741 1546 780 i,

886 785 938 813 08.
986 783 1104 813 Florus
1122 784 1165 821 iv,
1182 786 1213 821 2,
1234 786 1286 814 39.

846 825 992 864 Copiosus
1013 827 1053 856 ad
1076 826 1200 856 alendos
1213 825 1350 855 homines
1365 826 1456 864 locus,
1478 826 1549 857 vic·

888 873 924 897 tu
959 867 1131 898 abundans
1167 867 1195 897 A
1224 870 1276 898 42.
1313 868 1465 907 copiosum
1495 878 1548 908 op-

883 910 1002 950 pidum,
1022 909 1119 940 rebus
1143 909 1298 940 omnibus
1319 909 1492 941 abundans
1515 910 1547 941 G

888 952 912 990 i,
929 954 981 982 23.

847 994 984 1034 Copuloe,
1002 993 1068 1025 vid.
1085 994 1125 1024 ad
1144 994 1172 1025 G
1194 994 1243 1031 iii,
1260 997 1310 1026 13.

846 1037 987 1075 Coronae,
1003 1037 1072 1067 vid.
1092 1037 1133 1067 ad
1151 1038 1182 1068 G
1198 1038 1267 1075 viii,
1283 1040 1314 1069 9.
1355 1047 1466 1069 corona
1482 1037 1549 1068 ho.»-

887 1079 977 1119 tiam,
993 1079 1097 1119 acies,
1113 1081 1254 1118 cingens
1267 1081 1413 1111 inclusos
1427 1079 1484 1112 Af.
1497 1082 1550 1111 17.

888 1120 934 1153 cf.
964 1131 993 1153 c.
1020 1125 1073 1153 70.
1105 1132 1214 1153 corona
1245 1123 1379 1161 cingere,
1407 1123 1551 1154 circum·

888 1164 971 1195 dare
996 1164 1027 1195 G
1045 1165 1103 1202 vii,
1120 1168 1173 1196 72.
1199 1176 1309 1195 corona
1324 1166 1357 1195 in
1371 1165 1548 1196 obsidione

888 1207 980 1238 urbis
1006 1207 1038 1237 H
1066 1210 1117 1237 13.
1154 1208 1235 1238 ser-ri
1264 1208 1319 1238 sub
1348 1218 1458 1238 corona
1481 1217 1553 1238 ten·

887 1249 960 1288 diti,
986 1249 1007 1279 i.
1024 1259 1054 1280 e.
1079 1248 1169 1280 bello
1191 1251 1284 1290 capti
1308 1255 1342 1281 et
1367 1250 1495 1280 venditi
1517 1250 1550 1280 G

888 1292 938 1330 iii,
957 1294 1019 1322 16:
1044 1301 1118 1322 nam
1137 1293 1322 1334 antiquitus
1341 1292 1430 1323 bello
1456 1292 1552 1332 capti

889 1334 1025 1365 coronis
1061 1335 1170 1365 induti
1204 1335 1452 1374 vendebantur,
1484 1344 1551 1375 qno

887 1377 983 1416 signo
1001 1377 1204 1417 apparebat,
1224 1378 1297 1408 baec
1316 1378 1445 1408 venalia
1461 1386 1553 1408 man-

889 1420 980 1460 cipia
997 1419 1085 1450 bello
1101 1426 1205 1461 capta
1222 1430 1307 1452 esse.
1333 1420 1424 1452 Gell.
1443 1420 1489 1451 N.
1506 1419 1549 1450 A.

887 1462 947 1502 vii,
961 1465 992 1494 4.

848 1504 1015 1545 Cor-reptas
1040 1505 1188 1543 com-icio,
1214 1504 1367 1545 graviter
1392 1504 1550 1546 objurga-

892 1551 946 1577 tus
963 1547 991 1578 C
1007 1547 1029 1586 i,
1045 1549 1076 1577 2.

848 1589 1026 1630 Coi-ripere,
1038 1598 1161 1629 capere
1176 1589 1204 1620 C
1216 1588 1237 1628 i,
1249 1592 1302 1619 66.
1328 1589 1550 1630 comprehen-

888 1631 968 1662 dere
986 1632 1013 1663 C
1032 1632 1077 1670 iii,
1096 1634 1166 1662 109.

848 1674 1022 1714 Corruptus
1035 1674 1154 1713 macie,
1169 1674 1368 1705 macilentus
1385 1674 1412 1706 C
1427 1674 1474 1713 iii,
1496 1677 1551 1706 58.

848 1717 948 1746 Corus
970 1720 1090 1754 remus,
1114 1726 1132 1747 e
1149 1716 1286 1756 regione
1302 1725 1352 1754 ea,
1373 1726 1447 1756 quae
1464 1717 1553 1748 inter

890 1758 1105 1789 occidentem
1132 1763 1166 1789 et
1196 1758 1458 1799 septemtriones
1488 1765 1552 1798 est,

891 1801 1024 1840 spirans
1039 1801 1071 1832 G
1087 1811 1120 1839 v,
1134 1804 1166 1833 7.
1191 1832 1193 1834 .

850 1843 970 1874 Cothon
985 1842 1041 1874 Af.
1059 1846 1112 1881 62,
1128 1847 1181 1875 63.

850 1886 971 1926 Crates,
985 1896 1068 1927 opus
1084 1887 1210 1927 plexile
1227 1896 1246 1917 e
1263 1885 1441 1918 viminibus
1458 1886 1489 1918 G
1506 1887 1551 1926 ir,

892 1931 944 1959 17..
969 1939 1001 1967 v,
1017 1931 1071 1962 40.
1094 1929 1154 1967 vii,
1169 1932 1223 1960 81.

851 1971 994 2002 Crescere
1019 1981 1078 2011 per
1112 1971 1256 2011 aliquem,
1289 1971 1437 2010 majores
1469 1980 1552 2012 opes

891 2014 1050 2054 accipere
1066 2013 1099 2044 G
1116 2014 1138 2052 i,
1153 2017 1206 2045 20.
1251 2014 1362 2045 crescit
1376 2013 1497 2054 flamen
1512 2024 1553 2045 ex

890 2056 1011 2087 nicilms
1027 2056 1058 2087 G
1075 2057 1132 2093 vii,
1148 2061 1201 2088 55.

849 2098 1070 2130 Cruciabiliter
1084 2097 1142 2130 Af.
1158 2102 1213 2131 46.
1259 2100 1373 2131 Caesar
1394 2098 1482 2130 solet
1504 2097 1553 2130 di-

891 2151 981 2181 cere,
995 2152 1063 2172 cum
1078 2142 1231 2174 cruciatu.

850 2185 1030 2223 cruciatus,
1065 2184 1249 2225 supplicium
1293 2194 1361 2215 cum
1401 2183 1554 2221 cruciatu,

891 2237 967 2258 cum
990 2228 1224 2259 excruciatum
1248 2227 1426 2258 tormentis
1451 2226 1554 2257 inter-

890 2269 1009 2301 ficiunt
1024 2270 1056 2301 G
1074 2269 1117 2309 vi,
1133 2273 1185 2301 17.
1209 2268 1254 2301 cf.
1272 2270 1318 2308 vi,
1331 2272 1383 2301 19.
1428 2268 1496 2300 Sed
1519 2268 1551 2299 G

891 2312 916 2351 i,
943 2314 997 2344 31.
1045 2323 1128 2344 crac.
1166 2317 1202 2344 et
1223 2312 1409 2353 supplicium
1432 2320 1552 2352 synon.

892 2360 982 2387 sunt.

852 2397 976 2437 Cultus,
993 2397 1071 2429 vitae
1088 2407 1194 2438 genus
1210 2397 1387 2429 humanius
1404 2396 1436 2428 G
1454 2396 1476 2434 i,
1499 2397 1552 2425 31.

891 2440 1018 2472 ibidem
1053 2442 1236 2472 consuetudo
1279 2440 1380 2471 victus
1415 2438 1551 2469 dicitur.

891 2484 981 2515 Vitae
1009 2483 1111 2522 ratio,
1139 2484 1181 2515 ab
1211 2483 1302 2514 omni
1325 2481 1476 2513 ruditate
1502 2489 1552 2510 re·

892 2533 985 2557 mota
1001 2525 1031 2557 G
1051 2526 1073 2564 i,
1090 2529 1120 2556 1.

852 2568 1003 2598 Cunctam
1025 2566 1252 2607 (uuiversum)
1273 2575 1402 2606 regnam
1423 2563 1481 2595 Af.
1497 2566 1553 2595 91.

852 2611 986 2647 Cuneus,
1013 2619 1117 2649 genus
1144 2610 1243 2648 aciei,
1270 2619 1345 2640 cum
1370 2607 1494 2639 milites
1519 2606 1554 2637 in

894 2651 1036 2683 formam
1053 2652 1152 2683 cunci
1168 2652 1359 2683 consistunt
1381 2650 1411 2682 G
1427 2650 1472 2688 vi,
1498 2652 1552 2685 4⁰-

894 2694 966 2733 viii,
995 2697 1046 2726 14.
1086 2694 1175 2726 Hinc
1205 2694 1358 2726 cuneatim
1388 2694 1552 2724 consistere

895 2738 926 2769 G
945 2735 1001 2776 vii,
1018 2739 1071 2768 27.
