1872 3104
696 210 1032 241 LA'riNl'rA'rls.

172 309 226 346 49,
243 307 299 339 ubi
314 314 437 348 oppon.
454 304 564 337 editus.
587 302 719 335 demissa
743 303 827 345 ripa,

171 359 237 381 non
252 350 320 381 alta
336 348 366 380 A
383 350 437 380 29.

131 392 304 423 Demittere
325 392 428 422 mera
449 399 466 421 e
487 391 589 421 monte
610 388 643 420 in
665 388 773 420 vallem
793 387 825 420 G

173 435 240 474 viii,
254 436 306 465 ⁸6.
328 432 490 465 demittere
503 443 536 464 se
550 432 663 471 animo,
678 431 826 473 abjicere

172 477 315 508 animum
333 474 366 505 G
383 474 439 514 vii,
454 477 507 506 29.
551 475 714 506 demittere
727 483 826 511 arma,

169 519 225 550 des
252 517 384 548 Gewehr
403 518 556 557 strecken,
575 520 688 549 mettre
709 517 763 548 bas
784 517 827 548 les

170 569 269 592 annes
283 558 341 590 Af.
358 562 411 591 85.

128 602 518 644 Demomtraremarrure,
528 601 680 634 indicare
693 600 725 634 G
740 600 761 639 i,
775 603 827 633 11.

169 653 202 685 v,
217 645 270 676 88.
314 644 507 676 sexcenties
523 648 576 676 est
597 644 631 676 in
650 644 700 676 his
716 643 827 683 libris,

165 687 244 727 quod
258 691 350 720 antea
364 687 650 729 demonstravimus,
667 696 731 730 pro
744 687 827 718 dixi-

167 738 246 762 mus.

124 771 292 804 nemorum·
305 772 378 814 iter,
393 773 528 815 morari,
549 772 714 816 impedire
731 772 762 804 G
778 771 827 813 iii,

124 855 277 932 Dantur
299 856 423 900 (loco),
449 857 572 891 cedere
590 862 730 890 coactus
747 856 775 889 C
790 856 827 897 ii,

126 940 296 983 Deum-im,
312 946 382 974 tres
397 943 537 975 circiter
553 942 660 985 grossi
676 940 783 974 nostri
799 941 827 973 C

169 984 193 1023 i,
210 987 263 1017 52.

127 1026 283 1069 Denique,
307 1027 340 1058 in
357 1036 498 1067 summa,
517 1036 584 1058 uno
600 1025 703 1058 verbo
720 1025 753 1058 G
769 1025 828 1066 vii,

167 1072 222 1101 6⁴.
269 1070 324 1101 sie
350 1079 482 1111 quoque
509 1069 541 1102 G
566 1069 602 1110 ii,
623 1071 678 1101 83.
715 1068 828 1101 Tacit.

169 1111 260 1144 Ann.
275 1111 298 1151 i,
313 1115 368 1153 26,
388 1115 442 1143 28.

125 1153 312 1196 Deperdere,
327 1155 486 1196 perdere,
503 1153 661 1186 amittere
678 1153 710 1185 G
727 1151 751 1194 i,
774 1154 828 1186 43.

169 1197 217 1236 iii,
231 1199 285 1229 28.

127 1239 292 1314 Degonere
319 1238 537 1283 (detrahere)
562 1249 656 1272 onera
677 1237 830 1278 ,iumentis

213 1283 224 1313 i
252 1285 306 1315 50.

126 1305 324 1399 Degopulizre
354 1323 389 1357 H
414 1327 468 1356 42.
512 1323 713 1366 depopulatus
739 1331 830 1366 pass.

221 1377 244 1406 ι,
287 1371 316 1399 1.

128 1408 303 1450 Deprecari
334 1410 503 1450 dominum,
541 1407 715 1451 precando
759 1407 830 1449 pla-

169 1459 261 1491 care,
287 1452 420 1483 veniam
446 1453 489 1484 ab
517 1461 558 1483 eo
583 1455 702 1493 petere
725 1449 757 1482 A
778 1452 830 1483 82.

169 1494 329 1535 deprecari
342 1494 404 1526 sibi
418 1494 518 1526 vitam
532 1491 592 1525 Af.
609 1496 664 1526 89.

127 1536 337 1579 Deprecator,
368 1537 426 1579 qni
456 1537 552 1568 nobis
577 1536 622 1568 ali
649 1544 725 1567 uem
754 1543 832 1567 con-

170 1579 278 1621 ciliat,
293 1589 357 1622 pro
372 1578 470 1612 nobis
485 1579 618 1611 interce
645 1579 672 1610 it
688 1578 720 1611 G
745 1577 769 1619 i,
797 1580 830 1609 9.

171 1622 218 1663 vi,
231 1625 264 1654 4.

131 1664 314 1706 Deprimere
327 1673 449 1702 noveru,
474 1663 607 1702 facere,
635 1666 675 1695 ut
699 1671 831 1703 merga—

174 1711 232 1739 tur
259 1707 287 1738 C
313 1707 337 1746 i,
363 1709 417 1738 58.
441 1706 475 1746 ii,
499 1709 531 1738 6.
574 1706 746 1747 deprimere
766 1705 834 1742 sos-

173 1758 251 1790 sam,
276 1748 405 1788 fodere,
426 1748 542 1780 facere
570 1748 602 1779 G
624 1748 696 1784 viii,
718 1749 751 1786 9,
777 1749 832 1778 40.

171 1791 318 1833 deprimi,
346 1791 458 1822 obteri
482 1795 517 1821 et
534 1790 727 1831 proculcari
750 1789 778 1820 C
798 1789 834 1829 ii,

171 1836 226 1866 43.
271 1833 364 1865 vallis
390 1833 425 1864 in
452 1832 652 1864 altitudinem
681 1833 835 1873 depressa,

173 1875 344 1918 profunda
360 1876 392 1908 G
410 1876 479 1916 viii,
495 1879 527 1907 9.

131 1918 333 1960 Depugnare,
346 1928 496 1959 pugnare
513 1918 546 1949 G
561 1917 619 1957 vii,
635 1919 689 1949 28.
706 1915 765 1949 Af.
779 1915 837 1956 vii,

171 1964 227 1999 29,
242 1964 296 1993 45.
342 1962 460 2002 Nepos
474 1960 594 1992 Them.
610 1964 641 1992 4.

132 2003 286 2038 Derectus
300 2013 331 2035 v.
346 2013 375 2035 c.
390 2003 515 2044 paries,
528 2003 585 2043 qui
598 2003 640 2033 ad
654 1999 835 2043 perpendi-

175 2046 289 2078 culum
313 2045 425 2078 factus
451 2049 516 2086 est,
542 2045 635 2077 linea
656 2043 838 2085 perpendi·

174 2089 280 2121 cultri
295 2087 475 2120 descendit
499 2088 533 2120 G
559 2088 605 2130 iv,
632 2090 684 2119 17.
706 2086 780 2126 viii,
802 2088 835 2118 9.

176 2129 223 2162 ef.
238 2131 387 2162 directus.

135 2171 319 2205 Dacru'here
344 2174 496 2211 vecturas,
518 2171 658 2213 singulis
682 2170 837 2212 praescri-

176 2215 273 2254 bere,
300 2214 382 2256 quid
410 2218 446 2246 et
471 2218 635 2256 quantum
657 2214 783 2244 vehant
809 2213 837 2244 C

176 2257 225 2297 iii,
249 2260 302 2289 41.
339 2256 508 2288 describere
525 2256 683 2298 pecunias,
699 2255 838 2297 singulis

178 2299 416 2341 praescribere,
439 2299 519 2341 quid
536 2303 572 2331 et
587 2303 751 2341 quantum
773 2297 837 2330 sol-

179 2346 261 2373 vant
282 2342 314 2373 A
330 2344 382 2373 51.

138 2384 290 2416 Desemre
304 2394 395 2415 aures
407 2383 439 2416 G
453 2383 510 2424 vii,
521 2385 553 2416 4.
570 2383 703 2425 Saepius
714 2382 839 2415 dicitur

181 2436 350 2466 resecare,
368 2435 570 2467 praesecare.

139 2469 290 2502 Deserere
310 2479 355 2508 se,
382 2469 424 2500 ab
449 2478 509 2500 sua
528 2468 642 2500 indole
667 2467 841 2507 recedere,

180 2511 233 2543 sui
249 2511 447 2542 dissimilem
463 2521 537 2543 esse
554 2512 581 2543 C
598 2511 621 2551 i,
635 2514 689 2542 75.

138 2553 336 2593 Desiderare,
358 2563 496 2594 cupere,
518 2557 682 2594 appetere
698 2553 730 2583 G
744 2551 789 2590 iv,
811 2554 842 2583 2.

181 2597 388 2637 Plerumque
420 2601 484 2634 est,
522 2605 599 2626 cum
632 2594 843 2635 aegritudinis

181 2648 284 2670 sensu
310 2638 411 2678 cupio
438 2638 472 2668 id
503 2646 721 2678 recuperare,
752 2635 842 2677 quod

181 2681 296 2721 habui,
307 2681 365 2712 sed
383 2681 491 2712 amisi.

142 2723 315 2763 Deriguere
350 2723 483 2764 aliquem
518 2722 667 2761 oratione,
703 2721 750 2752 sic
789 2720 845 2751 de·

186 2766 345 2806 scribere,
361 2771 398 2798 ut
415 2765 550 2806 agnosci
568 2766 674 2806 possit
692 2764 723 2795 G
741 2764 765 2804 i,
794 2765 844 2794 18.

229 2819 340 2860 Delph.
350 2823 380 2851 et
401 2820 470 2852 l'ur.
489 2820 571 2852 Clas.
784 2817 805 2849 Ι
805 2818 844 2848 nd

1480 205 1575 245 xlix

877 302 1014 334 Desilire
1028 301 1088 344 (de
1102 301 1208 343 equo)
1219 300 1260 332 ad
1272 302 1365 342 pedes
1380 302 1411 333 G
1429 304 1473 343 iv,
1494 309 1543 338 12.

878 346 1053 386 Despectus
1074 355 1093 377 e
1118 346 1193 377 loco
1219 343 1312 376 edito
1336 345 1369 375 in
1386 345 1577 379 inferiorem

920 388 952 420 G
969 388 1018 427 iii,
1035 390 1086 419 14.
1130 396 1217 418 mom
1231 388 1268 418 de
1305 391 1405 418 ectum
1420 388 1521 428 habet,
1537 400 1578 421 cx

920 441 962 462 eo
977 430 1106 471 despici
1123 434 1238 471 potest
1302 430 1338 470 ii,
1355 432 1408 462 20.
1453 431 1581 463 Contra

917 476 1096 514 prospectus
1119 471 1192 504 fere
1220 476 1284 512 est,
1309 481 1387 504 cum
1414 476 1500 504 recta
1518 483 1579 514 per

920 516 997 546 loca
1011 515 1165 556 patentia
1180 516 1296 547 oculus
1311 515 1431 547 fertur.

877 557 1051 598 Desperare
1065 558 1181 599 aliquid
1205 557 1236 589 G
1261 558 1297 598 ii,
1326 560 1377 590 24.
1419 567 1455 589 re
1478 557 1581 599 aliqua

920 600 952 632 G
969 601 1018 641 iii,
1047 602 1099 632 12.
1142 601 1321 641 desperatus
1341 600 1443 641 homo,
1468 599 1581 642 perdi-

920 647 987 683 tus,
1003 644 1166 684 pessimus
1183 643 1215 673 G
1231 643 1289 680 vii,
1305 645 1335 675 8.

878 685 1077 727 Despoliare,
1092 685 1237 726 spoliare
1254 685 1285 717 G
1303 685 1339 725 ii,
1360 688 1412 717 81.

877 727 1058 768 Destinare,
1086 727 1202 769 figere,
1230 727 1377 767 firmare,
1416 731 1455 759 ut
1483 729 1583 759 ratem

919 771 1063 802 anchoris
1079 771 1107 803 C
1122 771 1145 810 i,
1159 773 1214 802 25.
1250 773 1400 801 antennas
1415 770 1455 800 ad
1470 770 1583 801 malum·

919 814 1087 854 destinare,
1113 814 1255 854 alligare
1279 812 1311 844 G
1337 812 1386 852 iii,
1416 814 1468 843 14.
1513 821 1584 844 rem

921 856 1123 897 prehensam
1139 855 1312 887 immotam
1328 858 1447 886 tenere
1471 854 1504 886 G
1528 854 1586 894 vii,

920 900 974 930 22.
997 898 1057 930 ubi
1070 897 1138 929 vid.
1151 897 1366 929 Ciaceonius.
1384 896 1438 929 Cf.
1456 897 1585 937 Berge-

921 949 976 971 rus
1003 940 1047 971 de
1076 944 1148 971 nat.
1172 939 1305 981 pulchr.
1330 944 1418 971 orat.
1443 950 1477 980 p.
1508 942 1583 971 461.

921 982 1013 1014 Hinc
1028 981 1128 1014 fluxit
1149 982 1362 1023 metaphora,
1385 991 1461 1014 cum
1484 981 1586 1012 desti·

922 1033 1004 1056 nare
1038 1029 1091 1057 est
1123 1024 1325 1063 decernere,
1359 1023 1585 1061 constituere,

921 1071 961 1099 ut
985 1072 1122 1099 certum
1149 1068 1203 1107 sit,
1230 1071 1267 1098 ut
1297 1067 1499 1099 Graecorum
1532 1066 1585 1098 πέ-

921 1121 1018 1150 πηγε,
1033 1110 1236 1142 constitutum
1250 1112 1308 1141 est.

879 1152 1051 1185 Destinnta
1065 1162 1150 1183 mens
1163 1153 1197 1183 in
1212 1151 1329 1192 sugam
1344 1149 1402 1183 Af.
1419 1152 1475 1182 88.

880 1195 1060 1227 Βεειὶίιάιω
1074 1195 1106 1227 G
1121 1195 1145 1235 i,
1162 1197 1213 1226 16.

880 1237 1089 1277 Destringere
1098 1237 1240 1277 gladium
1255 1235 1287 1269 G
1301 1235 1323 1277 i,
1335 1238 1389 1268 25.
1426 1234 1520 1277 Non,
1541 1235 1590 1266 di-

922 1280 1091 1320 stringere.

881 1322 1024 1364 Desuper
1051 1322 1228 1361 vulnerare,
1264 1329 1341 1353 cum
1372 1319 1588 1353 adversarius

924 1374 1014 1405 eum,
1030 1365 1087 1407 qui
1104 1373 1148 1396 ex
1163 1364 1305 1395 adverso
1318 1366 1398 1401 stat,
1412 1372 1478 1395 non
1491 1368 1588 1395 recta

923 1406 1026 1447 ferit3
1061 1406 1122 1439 sed
1152 1406 1278 1447 pedum
1308 1405 1427 1446 digitis
1456 1406 1589 1437 levatus

924 1458 1029 1492 super
1043 1453 1178 1482 scutum
1195 1448 1300 1481 ictum
1316 1447 1422 1480 infert
1448 1448 1479 1480 ei
1504 1448 1538 1479 G
1563 1447 1589 1488 i,

882 1533 1056 1568 Detendere
1071 1533 1270 1566 tabernacula
1282 1532 1310 1566 C
1322 1531 1369 1575 iii,
1382 1534 1435 1564 85.
1450 1528 1511 1564 Pr.
1524 1534 1589 1565 ten-

924 1577 1007 1608 toria
1026 1577 1248 1608 detenduntur.

883 1619 1060 1659 Detergere
1075 1628 1174 1650 remos
1190 1618 1218 1651 C
1234 1618 1258 1658 i,
1274 1620 1327 1650 58.
1351 1617 1382 1650 A
1401 1620 1453 1649 15.

883 1661 1047 1711 Detestor-i
1065 1661 1220 1704 precibus,
1252 1660 1335 1692 diris
1363 1660 1533 1692 devovere
1557 1657 1590 1691 G

884 1707 1061 1778 Devtssai‘zgr'e
1091 1744 1209 1785 equites
1245 1745 1342 1786 equis,
1369 1743 1496 1785 jubere
1533 1742 1591 1775 de-

927 1787 1093 1819 scendere
1109 1787 1140 1819 G
1155 1787 1178 1827 i,
1191 1790 1245 1818 42.

884 1831 1133 1863 Detrimentosus
1146 1830 1178 1862 G
1194 1829 1253 1868 vii,
1263 1831 1316 1860 33.
1342 1827 1494 1860 Verbum
1507 1826 1589 1859 alibi

928 1882 996 1905 non
1026 1881 1221 1911 occurrere,
1248 1871 1347 1902 multi
1375 1873 1593 1909 monuerunt,

927 1916 1178 1955 volueruntque
1217 1913 1356 1953 corrigi,
1394 1916 1430 1943 et
1467 1912 1595 1952 legitur

929 1967 992 2000 pro
1007 1967 1049 1989 eo
1064 1957 1098 1988 in
1125 1955 1225 1987 codd.
1250 1955 1381 1987 duobus
1407 1954 1593 1985 detrimento

927 2010 993 2039 suo,
1026 2004 1085 2031 aut
1108 1998 1142 2029 in
1165 2007 1232 2029 uno
1263 1998 1482 2030 detrimentum
1511 2005 1593 2028 sum-

927 2051 1023 2074 mum.
1057 2041 1159 2073 Prior
1173 2040 1279 2072 lectio
1295 2044 1347 2072 est
1363 2039 1469 2079 nihili,
1486 2039 1594 2070 altera

927 2084 1010 2117 ferri
1036 2088 1162 2125 potest.
1207 2082 1275 2114 Sed
1303 2082 1331 2114 si
1361 2082 1501 2113 verbum
1527 2082 1592 2112 hoc

930 2127 1097 2168 analogias
1125 2126 1299 2164 convenit,
1330 2124 1449 2166 quidni
1481 2124 1595 2156 Caesar

930 2170 1089 2202 videatur
1115 2169 1180 2200 hoc
1197 2167 1374 2209 posuisse?
1398 2166 1595 2198 Formatum

930 2216 997 2251 est,
1012 2216 1052 2243 ut
1062 2213 1260 2253 portentosas
1277 2220 1296 2242 a
1314 2211 1506 2250 portentum.

888 2254 1048 2288 Devehere
1070 2253 1137 2296 (in)
1156 2253 1241 2293 equis
1256 2253 1384 2292 milites,
1398 2252 1593 2293 equitantes

931 2307 957 2329 s.
984 2306 1074 2339 equo
1095 2295 1282 2327 insidentes
1305 2295 1340 2326 in
1362 2295 1472 2326 locum
1489 2293 1593 2325 dedu-

932 2349 1011 2371 cere
1025 2339 1057 2371 G
1068 2339 1092 2380 i,
1103 2341 1158 2371 43.
1174 2338 1253 2370 Non
1266 2341 1331 2379 est,
1346 2347 1386 2369 ex
1401 2337 1463 2368 alto
1478 2336 1513 2368 in
1526 2336 1594 2377 pla-

930 2381 1055 2414 nitiem.

890 2423 1203 2462 Devocarefortunas
1216 2422 1250 2454 in
1265 2422 1400 2461 dubium,
1419 2429 1545 2452 vocare
1562 2419 1595 2450 in

933 2466 1249 2507 dubium,periculo
1266 2472 1440 2505 exponere
1456 2462 1489 2495 G
1506 2462 1550 2502 vi,
1563 2464 1595 2492 7.

891 2509 1032 2541 Det-otus
1047 2509 1079 2540 G
1095 2509 1142 2548 iii,
1158 2511 1212 2543 22.

892 2552 1033 2583 Deurere
1047 2551 1205 2591 oppidum,
1221 2548 1421 2581 comburere
1439 2545 1474 2578 H
1489 2547 1544 2578 27.

893 2593 1008 2625 Dicere
1022 2592 1193 2634 (definire,
1213 2588 1441 2630 constituere)
1465 2588 1548 2619 diem
1563 2587 1596 2619 G

937 2635 960 2675 i,
975 2638 1007 2666 6.
1051 2635 1154 2665 dicere
1168 2635 1265 2665 locum
1279 2632 1425 2674 colloquio
1442 2631 1474 2663 G
1494 2630 1518 2669 i,
1544 2632 1598 2662 34.

938 2675 984 2709 cf.
1003 2680 1242 2708 sacramentum.

897 2719 1031 2752 Βία-οἱα
1046 2719 1145 2759 naz-is,
1168 2717 1321 2757 biremis,
1344 2716 1480 2757 δίκροτυς
1497 2713 1526 2747 Α
1543 2717 1598 2746 47.

898 2762 1023 2802 Dictio,
1049 2771 1148 2793 causa
1163 2761 1272 2801 dictio,
1301 2758 1453 2791 defensio
1470 2758 1500 2791 G
1519 2758 1542 2798 i,
1565 2760 1596 2787 4.

849 2840 855 2848 ,
882 2816 961 2850 Caen.
1494 2811 1515 2842 d
