<?xml version="1.0" encoding="UTF-8"?>
<!DOCTYPE html PUBLIC "-//W3C//DTD XHTML 1.0 Transitional//EN"
    "http://www.w3.org/TR/xhtml1/DTD/xhtml1-transitional.dtd">
<html xmlns="http://www.w3.org/1999/xhtml" xml:lang="en" lang="en">
 <head>
  <title>
</title>
<meta http-equiv="Content-Type" content="text/html;charset=utf-8" />
  <meta name='ocr-system' content='tesseract 3.04.00' />
  <meta name='ocr-capabilities' content='ocr_page ocr_carea ocr_par ocr_line ocrx_word'/>
</head>
<body>
  <div class='ocr_page' id='page_1' title='image "./operaomniaexedit05caesuoft/operaomniaexedit05caesuoft_0262.png"; bbox 0 0 1872 3104; ppageno 0'>
   <div class='ocr_carea' id='block_1_1' title="bbox 264 162 358 204">
    <p class='ocr_par' dir='ltr' id='par_1_1' title="bbox 264 162 358 204">
     <span class='ocr_line' id='line_1_1' title="bbox 264 162 358 204; baseline 0 0"><span class='ocrx_word' id='word_1_1' title='bbox 264 162 358 204; x_wconf 70' lang='lat' dir='ltr'><strong><em>xlvi</em></strong></span> 
     </span>
    </p>
   </div>
   <div class='ocr_carea' id='block_1_2' title="bbox 262 267 971 2776">
    <p class='ocr_par' dir='ltr' id='par_1_2' title="bbox 309 267 969 341">
     <span class='ocr_line' id='line_1_2' title="bbox 309 267 969 308; baseline 0.002 -11"><span class='ocrx_word' id='word_1_2' title='bbox 309 267 406 307; x_wconf 87' lang='lat' dir='ltr'><strong><em>plura</em></strong></span> <span class='ocrx_word' id='word_1_3' title='bbox 422 277 488 298; x_wconf 90' lang='lat' dir='ltr'><strong><em>uno</em></strong></span> <span class='ocrx_word' id='word_1_4' title='bbox 520 267 588 308; x_wconf 83' lang='lat' dir='ltr'><strong><em>pilo</em></strong></span> <span class='ocrx_word' id='word_1_5' title='bbox 617 267 779 299; x_wconf 71' lang='lat' dir='ltr'><strong><em>transfna</em></strong></span> <span class='ocrx_word' id='word_1_6' title='bbox 795 273 874 298; x_wconf 82' lang='lat' dir='ltr'><strong><em>sunt</em></strong></span> <span class='ocrx_word' id='word_1_7' title='bbox 899 268 930 298; x_wconf 93' lang='lat' dir='ltr'>G</span> <span class='ocrx_word' id='word_1_8' title='bbox 946 267 969 308; x_wconf 86' lang='lat' dir='ltr'><strong><em>i,</em></strong></span> 
     </span>
     <span class='ocr_line' id='line_1_3' title="bbox 309 312 362 341; baseline 0 -1"><span class='ocrx_word' id='word_1_9' title='bbox 309 312 362 341; x_wconf 79' lang='lat'><strong><em>25.</em></strong></span> 
     </span>
    </p>

    <p class='ocr_par' dir='ltr' id='par_1_3' title="bbox 268 351 718 393">
     <span class='ocr_line' id='line_1_4' title="bbox 268 351 718 393; baseline 0.004 -11"><span class='ocrx_word' id='word_1_10' title='bbox 268 352 464 393; x_wconf 82' lang='lat' dir='ltr'><strong><em>Conquisitor</em></strong></span> <span class='ocrx_word' id='word_1_11' title='bbox 477 352 622 383; x_wconf 88' lang='lat' dir='ltr'><strong><em>militnm</em></strong></span> <span class='ocrx_word' id='word_1_12' title='bbox 640 351 669 383; x_wconf 76' lang='lat' dir='ltr'>A</span> <span class='ocrx_word' id='word_1_13' title='bbox 687 355 718 384; x_wconf 84' lang='lat'><strong><em>2.</em></strong></span> 
     </span>
    </p>

    <p class='ocr_par' dir='ltr' id='par_1_4' title="bbox 268 394 970 557">
     <span class='ocr_line' id='line_1_5' title="bbox 268 394 970 436; baseline -0.003 -10"><span class='ocrx_word' id='word_1_14' title='bbox 268 395 494 433; x_wconf 72' lang='lat' dir='ltr'><strong><em>Consanguinci</em></strong></span> <span class='ocrx_word' id='word_1_15' title='bbox 518 395 635 434; x_wconf 76' lang='lat' dir='ltr'><strong><em>populi,</em></strong></span> <span class='ocrx_word' id='word_1_16' title='bbox 659 404 802 436; x_wconf 88' lang='lat' dir='ltr'><strong><em>qnorum</em></strong></span> <span class='ocrx_word' id='word_1_17' title='bbox 825 394 911 426; x_wconf 85' lang='lat' dir='ltr'><strong><em>alter</em></strong></span> <span class='ocrx_word' id='word_1_18' title='bbox 928 394 970 424; x_wconf 85' lang='lat' dir='ltr'><strong><em>ab</em></strong></span> 
     </span>
     <span class='ocr_line' id='line_1_6' title="bbox 307 438 970 475; baseline -0.003 -7"><span class='ocrx_word' id='word_1_19' title='bbox 307 439 416 468; x_wconf 81' lang='lat' dir='ltr'><strong><em>altero</em></strong></span> <span class='ocrx_word' id='word_1_20' title='bbox 439 438 470 467; x_wconf 88' lang='lat' dir='ltr'><strong><em>in</em></strong></span> <span class='ocrx_word' id='word_1_21' title='bbox 497 438 662 468; x_wconf 72' lang='lat' dir='ltr'><strong><em>coloniam</em></strong></span> <span class='ocrx_word' id='word_1_22' title='bbox 688 438 805 468; x_wconf 79' lang='lat' dir='ltr'><strong><em>missus</em></strong></span> <span class='ocrx_word' id='word_1_23' title='bbox 823 443 889 475; x_wconf 71' lang='lat' dir='ltr'><strong><em>est,</em></strong></span> <span class='ocrx_word' id='word_1_24' title='bbox 912 442 970 467; x_wconf 89' lang='lat' dir='ltr'><strong><em>aut</em></strong></span> 
     </span>
     <span class='ocr_line' id='line_1_7' title="bbox 306 480 969 520; baseline 0 -10"><span class='ocrx_word' id='word_1_25' title='bbox 306 481 362 520; x_wconf 80' lang='lat' dir='ltr'><strong><em>qui</em></strong></span> <span class='ocrx_word' id='word_1_26' title='bbox 390 487 542 509; x_wconf 71' lang='lat' dir='ltr'><strong><em>murnum</em></strong></span> <span class='ocrx_word' id='word_1_27' title='bbox 575 480 701 511; x_wconf 77' lang='lat' dir='ltr'><strong><em>habent</em></strong></span> <span class='ocrx_word' id='word_1_28' title='bbox 732 480 888 512; x_wconf 88' lang='lat' dir='ltr'><strong><em>connubii</em></strong></span> <span class='ocrx_word' id='word_1_29' title='bbox 911 480 969 520; x_wconf 77' lang='lat' dir='ltr'><strong><em>jus</em></strong></span> 
     </span>
     <span class='ocr_line' id='line_1_8' title="bbox 309 522 551 557; baseline -0.004 -4"><span class='ocrx_word' id='word_1_30' title='bbox 309 522 337 553; x_wconf 93' lang='lat' dir='ltr'><strong><em>G</em></strong></span> <span class='ocrx_word' id='word_1_31' title='bbox 357 522 379 557; x_wconf 86' lang='lat' dir='ltr'><strong><em>i,</em></strong></span> <span class='ocrx_word' id='word_1_32' title='bbox 398 525 447 551; x_wconf 88' lang='grc'><strong><em>11.</em></strong></span> <span class='ocrx_word' id='word_1_33' title='bbox 474 522 507 555; x_wconf 77' lang='lat' dir='ltr'><strong><em>ii,</em></strong></span> <span class='ocrx_word' id='word_1_34' title='bbox 522 524 551 552; x_wconf 84' lang='lat'><strong><em>3.</em></strong></span> 
     </span>
    </p>

    <p class='ocr_par' dir='ltr' id='par_1_5' title="bbox 266 563 778 603">
     <span class='ocr_line' id='line_1_9' title="bbox 266 563 778 603; baseline -0.002 -9"><span class='ocrx_word' id='word_1_35' title='bbox 266 565 472 594; x_wconf 67' lang='lat' dir='ltr'><strong><em>Conscendere</em></strong></span> <span class='ocrx_word' id='word_1_36' title='bbox 488 563 519 593; x_wconf 87' lang='lat' dir='ltr'><strong><em>in</em></strong></span> <span class='ocrx_word' id='word_1_37' title='bbox 537 574 627 594; x_wconf 73' lang='lat' dir='ltr'><strong><em>nares</em></strong></span> <span class='ocrx_word' id='word_1_38' title='bbox 643 564 674 595; x_wconf 89' lang='lat' dir='ltr'>G</span> <span class='ocrx_word' id='word_1_39' title='bbox 699 575 730 603; x_wconf 89' lang='lat' dir='ltr'><strong><em>v,</em></strong></span> <span class='ocrx_word' id='word_1_40' title='bbox 747 569 778 596; x_wconf 87' lang='grc'><strong><em>7.</em></strong></span> 
     </span>
    </p>

    <p class='ocr_par' dir='ltr' id='par_1_6' title="bbox 266 605 969 724">
     <span class='ocr_line' id='line_1_10' title="bbox 266 605 969 645; baseline 0.003 -9"><span class='ocrx_word' id='word_1_41' title='bbox 266 607 414 636; x_wconf 81' lang='lat' dir='ltr'><em>Conscius</em></span> <span class='ocrx_word' id='word_1_42' title='bbox 453 605 524 639; x_wconf 80' lang='lat' dir='ltr'><strong><em>mei,</em></strong></span> <span class='ocrx_word' id='word_1_43' title='bbox 559 606 614 645; x_wconf 86' lang='lat' dir='ltr'><strong><em>qni</em></strong></span> <span class='ocrx_word' id='word_1_44' title='bbox 653 616 786 637; x_wconf 80' lang='lat' dir='ltr'><strong><em>mecum</em></strong></span> <span class='ocrx_word' id='word_1_45' title='bbox 815 607 969 638; x_wconf 84' lang='lat' dir='ltr'><strong><em>eamdem</em></strong></span> 
     </span>
     <span class='ocr_line' id='line_1_11' title="bbox 308 648 969 690; baseline 0.003 -13"><span class='ocrx_word' id='word_1_46' title='bbox 308 657 378 678; x_wconf 82' lang='lat' dir='ltr'><strong><em>rem</em></strong></span> <span class='ocrx_word' id='word_1_47' title='bbox 410 650 515 685; x_wconf 79' lang='lat' dir='ltr'><strong><em>novit,</em></strong></span> <span class='ocrx_word' id='word_1_48' title='bbox 546 648 763 679; x_wconf 88' lang='lat' dir='ltr'><strong><em>consiliorum</em></strong></span> <span class='ocrx_word' id='word_1_49' title='bbox 797 649 969 690; x_wconf 74' lang='lat' dir='ltr'>particeps</span> 
     </span>
     <span class='ocr_line' id='line_1_12' title="bbox 308 690 495 724; baseline 0.005 -5"><span class='ocrx_word' id='word_1_50' title='bbox 308 690 334 720; x_wconf 90' lang='lat' dir='ltr'><strong>C</strong></span> <span class='ocrx_word' id='word_1_51' title='bbox 353 690 400 724; x_wconf 81' lang='lat' dir='ltr'><strong><em>iii,</em></strong></span> <span class='ocrx_word' id='word_1_52' title='bbox 424 693 495 720; x_wconf 67' lang='lat'>103.</span> 
     </span>
    </p>

    <p class='ocr_par' dir='ltr' id='par_1_7' title="bbox 265 732 971 859">
     <span class='ocr_line' id='line_1_13' title="bbox 265 732 969 774; baseline 0 -11"><span class='ocrx_word' id='word_1_53' title='bbox 265 732 428 773; x_wconf 78' lang='lat' dir='ltr'><strong><em>Consequi.</em></strong></span> <span class='ocrx_word' id='word_1_54' title='bbox 455 738 649 773; x_wconf 61' lang='lat' dir='ltr'><strong><em>pinveuntes</em></strong></span> <span class='ocrx_word' id='word_1_55' title='bbox 676 733 784 774; x_wconf 83' lang='lat' dir='ltr'><strong><em>sequi,</em></strong></span> <span class='ocrx_word' id='word_1_56' title='bbox 811 736 847 763; x_wconf 89' lang='lat' dir='ltr'><strong><em>ut</em></strong></span> <span class='ocrx_word' id='word_1_57' title='bbox 873 743 969 763; x_wconf 78' lang='lat' dir='ltr'><strong><em>acce-</em></strong></span> 
     </span>
     <span class='ocr_line' id='line_1_14' title="bbox 308 775 971 815; baseline 0 -10"><span class='ocrx_word' id='word_1_58' title='bbox 308 775 366 806; x_wconf 81' lang='lat' dir='ltr'><strong><em>das</em></strong></span> <span class='ocrx_word' id='word_1_59' title='bbox 397 776 437 806; x_wconf 84' lang='lat' dir='ltr'><strong><em>ad</em></strong></span> <span class='ocrx_word' id='word_1_60' title='bbox 468 786 524 805; x_wconf 74' lang='lat' dir='ltr'><strong><em>cos</em></strong></span> <span class='ocrx_word' id='word_1_61' title='bbox 554 776 584 806; x_wconf 88' lang='lat' dir='ltr'><strong><em>G</em></strong></span> <span class='ocrx_word' id='word_1_62' title='bbox 614 776 636 815; x_wconf 87' lang='lat' dir='ltr'><strong><em>i,</em></strong></span> <span class='ocrx_word' id='word_1_63' title='bbox 661 779 711 806; x_wconf 89' lang='grc'><strong><em>13.</em></strong></span> <span class='ocrx_word' id='word_1_64' title='bbox 758 785 840 806; x_wconf 72' lang='lat' dir='ltr'><strong><em>cons.</em></strong></span> <span class='ocrx_word' id='word_1_65' title='bbox 867 786 971 814; x_wconf 75' lang='lat' dir='ltr'><strong><em>naves,</em></strong></span> 
     </span>
     <span class='ocr_line' id='line_1_15' title="bbox 305 817 905 859; baseline 0 -11"><span class='ocrx_word' id='word_1_66' title='bbox 305 817 346 848; x_wconf 86' lang='lat' dir='ltr'><strong><em>ad</em></strong></span> <span class='ocrx_word' id='word_1_67' title='bbox 366 826 421 848; x_wconf 79' lang='lat' dir='ltr'><strong><em>eas</em></strong></span> <span class='ocrx_word' id='word_1_68' title='bbox 435 819 565 853; x_wconf 65' lang='lat' dir='ltr'><strong><em>venire,</em></strong></span> <span class='ocrx_word' id='word_1_69' title='bbox 581 828 638 849; x_wconf 84' lang='lat' dir='ltr'><strong><em>eas</em></strong></span> <span class='ocrx_word' id='word_1_70' title='bbox 654 818 788 859; x_wconf 65' lang='lat' dir='ltr'><strong><em>assequi</em></strong></span> <span class='ocrx_word' id='word_1_71' title='bbox 807 817 837 849; x_wconf 82' lang='lat' dir='ltr'><strong>A</strong></span> <span class='ocrx_word' id='word_1_72' title='bbox 854 820 905 848; x_wconf 89' lang='grc'><strong><em>20.</em></strong></span> 
     </span>
    </p>

    <p class='ocr_par' dir='ltr' id='par_1_8' title="bbox 266 860 970 943">
     <span class='ocr_line' id='line_1_16' title="bbox 266 860 970 899; baseline 0 -8"><span class='ocrx_word' id='word_1_73' title='bbox 266 860 434 891; x_wconf 81' lang='lat' dir='ltr'><strong><em>Considere</em></strong></span> <span class='ocrx_word' id='word_1_74' title='bbox 448 861 574 892; x_wconf 70' lang='lat' dir='ltr'><strong><em>(licitur</em></strong></span> <span class='ocrx_word' id='word_1_75' title='bbox 585 861 769 899; x_wconf 76' lang='lat' dir='ltr'><strong><em>exercitus,</em></strong></span> <span class='ocrx_word' id='word_1_76' title='bbox 785 861 840 891; x_wconf 86' lang='lat' dir='ltr'><strong><em>ubi</em></strong></span> <span class='ocrx_word' id='word_1_77' title='bbox 857 865 970 891; x_wconf 72' lang='lat' dir='ltr'><strong><em>castra</em></strong></span> 
     </span>
     <span class='ocr_line' id='line_1_17' title="bbox 305 903 818 943; baseline 0.002 -10"><span class='ocrx_word' id='word_1_78' title='bbox 305 903 400 943; x_wconf 86' lang='lat' dir='ltr'><strong><em>ponit</em></strong></span> <span class='ocrx_word' id='word_1_79' title='bbox 420 903 449 934; x_wconf 84' lang='lat' dir='ltr'>G</span> <span class='ocrx_word' id='word_1_80' title='bbox 468 904 490 940; x_wconf 89' lang='lat' dir='ltr'><strong><em>i,</em></strong></span> <span class='ocrx_word' id='word_1_81' title='bbox 516 907 567 934; x_wconf 69' lang='lat'><strong><em>48.</em></strong></span> <span class='ocrx_word' id='word_1_82' title='bbox 593 904 639 942; x_wconf 88' lang='lat' dir='ltr'><strong><em>iii,</em></strong></span> <span class='ocrx_word' id='word_1_83' title='bbox 658 907 707 935; x_wconf 79' lang='lat'><strong><em>17.</em></strong></span> <span class='ocrx_word' id='word_1_84' title='bbox 732 914 764 942; x_wconf 78' lang='lat' dir='ltr'><strong><em>v,</em></strong></span> <span class='ocrx_word' id='word_1_85' title='bbox 787 906 818 934; x_wconf 88' lang='grc'><strong><em>9.</em></strong></span> 
     </span>
    </p>

    <p class='ocr_par' dir='ltr' id='par_1_9' title="bbox 266 946 970 1104">
     <span class='ocr_line' id='line_1_18' title="bbox 266 946 969 984; baseline 0 -9"><span class='ocrx_word' id='word_1_86' title='bbox 266 946 448 983; x_wconf 70' lang='lat' dir='ltr'><strong><em>Consistari,</em></strong></span> <span class='ocrx_word' id='word_1_87' title='bbox 465 947 658 977; x_wconf 70' lang='lat' dir='ltr'><strong><em>consultare</em></strong></span> <span class='ocrx_word' id='word_1_88' title='bbox 677 947 703 977; x_wconf 96' lang='lat' dir='ltr'>C</span> <span class='ocrx_word' id='word_1_89' title='bbox 721 947 742 983; x_wconf 89' lang='lat' dir='ltr'><strong><em>i,</em></strong></span> <span class='ocrx_word' id='word_1_90' title='bbox 760 949 812 984; x_wconf 78' lang='lat'><strong><em>19,</em></strong></span> <span class='ocrx_word' id='word_1_91' title='bbox 827 949 882 977; x_wconf 79' lang='grc'><strong><em>73.</em></strong></span> <span class='ocrx_word' id='word_1_92' title='bbox 912 946 969 976; x_wconf 84' lang='lat' dir='ltr'><strong><em>Sic</em></strong></span> 
     </span>
     <span class='ocr_line' id='line_1_19' title="bbox 306 989 969 1029; baseline 0.002 -11"><span class='ocrx_word' id='word_1_93' title='bbox 306 989 339 1018; x_wconf 93' lang='lat' dir='ltr'><strong><em>in</em></strong></span> <span class='ocrx_word' id='word_1_94' title='bbox 367 989 467 1019; x_wconf 84' lang='lat' dir='ltr'><strong><em>codd.</em></strong></span> <span class='ocrx_word' id='word_1_95' title='bbox 485 990 638 1019; x_wconf 77' lang='lat' dir='ltr'><strong><em>omnibus</em></strong></span> <span class='ocrx_word' id='word_1_96' title='bbox 667 989 829 1019; x_wconf 83' lang='lat' dir='ltr'>scribitur</span> <span class='ocrx_word' id='word_1_97' title='bbox 857 989 969 1029; x_wconf 77' lang='lat' dir='ltr'><strong><em>priore</em></strong></span> 
     </span>
     <span class='ocr_line' id='line_1_20' title="bbox 304 1030 970 1072; baseline 0.002 -12"><span class='ocrx_word' id='word_1_98' title='bbox 304 1030 338 1060; x_wconf 89' lang='lat' dir='ltr'><strong><em>in</em></strong></span> <span class='ocrx_word' id='word_1_99' title='bbox 366 1031 452 1065; x_wconf 73' lang='lat' dir='ltr'><strong><em>loco.</em></strong></span> <span class='ocrx_word' id='word_1_100' title='bbox 477 1032 508 1061; x_wconf 88' lang='lat' dir='ltr'><strong><em>in</em></strong></span> <span class='ocrx_word' id='word_1_101' title='bbox 537 1032 726 1071; x_wconf 86' lang='lat' dir='ltr'><strong><em>posteriore</em></strong></span> <span class='ocrx_word' id='word_1_102' title='bbox 753 1031 888 1072; x_wconf 87' lang='lat' dir='ltr'><strong><em>quidam</em></strong></span> <span class='ocrx_word' id='word_1_103' title='bbox 915 1031 970 1061; x_wconf 86' lang='lat' dir='ltr'><strong><em>ha-</em></strong></span> 
     </span>
     <span class='ocr_line' id='line_1_21' title="bbox 306 1072 591 1104; baseline 0.007 -2"><span class='ocrx_word' id='word_1_104' title='bbox 306 1072 389 1103; x_wconf 89' lang='lat' dir='ltr'><strong><em>bent</em></strong></span> <span class='ocrx_word' id='word_1_105' title='bbox 406 1074 591 1104; x_wconf 77' lang='lat' dir='ltr'><strong><em>consultare.</em></strong></span> 
     </span>
    </p>

    <p class='ocr_par' dir='ltr' id='par_1_10' title="bbox 266 1115 970 1664">
     <span class='ocr_line' id='line_1_22' title="bbox 266 1115 970 1155; baseline 0.003 -10"><span class='ocrx_word' id='word_1_106' title='bbox 266 1115 436 1145; x_wconf 81' lang='lat' dir='ltr'><strong><em>Consilium</em></strong></span> <span class='ocrx_word' id='word_1_107' title='bbox 452 1116 556 1146; x_wconf 83' lang='lat' dir='ltr'><strong><em>incunt</em></strong></span> <span class='ocrx_word' id='word_1_108' title='bbox 578 1115 725 1146; x_wconf 68' lang='lat' dir='ltr'><strong><em>rebellare</em></strong></span> <span class='ocrx_word' id='word_1_109' title='bbox 746 1115 970 1155; x_wconf 79' lang='lat' dir='ltr'><strong><em>(rebellandi)</em></strong></span> 
     </span>
     <span class='ocr_line' id='line_1_23' title="bbox 305 1157 969 1199; baseline 0.002 -11"><span class='ocrx_word' id='word_1_110' title='bbox 305 1157 337 1189; x_wconf 89' lang='lat' dir='ltr'>G</span> <span class='ocrx_word' id='word_1_111' title='bbox 366 1159 435 1197; x_wconf 90' lang='lat' dir='ltr'><strong><em>viii,</em></strong></span> <span class='ocrx_word' id='word_1_112' title='bbox 465 1162 519 1189; x_wconf 77' lang='lat'><strong><em>4¹.</em></strong></span> <span class='ocrx_word' id='word_1_113' title='bbox 564 1159 723 1189; x_wconf 79' lang='lat' dir='ltr'><strong><em>consilium</em></strong></span> <span class='ocrx_word' id='word_1_114' title='bbox 753 1159 836 1199; x_wconf 79' lang='lat' dir='ltr'><strong><em>cupit</em></strong></span> <span class='ocrx_word' id='word_1_115' title='bbox 862 1159 969 1199; x_wconf 84' lang='lat' dir='ltr'><strong><em>prosu-</em></strong></span> 
     </span>
     <span class='ocr_line' id='line_1_24' title="bbox 299 1201 968 1242; baseline 0.001 -11"><span class='ocrx_word' id='word_1_116' title='bbox 299 1210 376 1239; x_wconf 79' lang='lat' dir='ltr'><strong><em>gere</em></strong></span> <span class='ocrx_word' id='word_1_117' title='bbox 393 1201 424 1232; x_wconf 89' lang='lat' dir='ltr'><strong><em>G</em></strong></span> <span class='ocrx_word' id='word_1_118' title='bbox 443 1201 499 1240; x_wconf 84' lang='lat' dir='ltr'><strong><em>vii,</em></strong></span> <span class='ocrx_word' id='word_1_119' title='bbox 512 1204 566 1232; x_wconf 96' lang='grc'><strong><em>26.</em></strong></span> <span class='ocrx_word' id='word_1_120' title='bbox 590 1202 750 1232; x_wconf 79' lang='lat' dir='ltr'><strong><em>consilium</em></strong></span> <span class='ocrx_word' id='word_1_121' title='bbox 763 1201 847 1242; x_wconf 75' lang='lat' dir='ltr'><strong><em>cupit</em></strong></span> <span class='ocrx_word' id='word_1_122' title='bbox 863 1202 968 1232; x_wconf 83' lang='lat' dir='ltr'><strong><em>‹limit-</em></strong></span> 
     </span>
     <span class='ocr_line' id='line_1_25' title="bbox 304 1243 969 1284; baseline 0.002 -11"><span class='ocrx_word' id='word_1_123' title='bbox 304 1246 371 1274; x_wconf 82' lang='lat' dir='ltr'><strong><em>tcre</em></strong></span> <span class='ocrx_word' id='word_1_124' title='bbox 388 1243 419 1274; x_wconf 92' lang='lat' dir='ltr'><strong>G</strong></span> <span class='ocrx_word' id='word_1_125' title='bbox 438 1244 495 1281; x_wconf 83' lang='lat' dir='ltr'><strong><em>vii,</em></strong></span> <span class='ocrx_word' id='word_1_126' title='bbox 512 1247 564 1275; x_wconf 82' lang='grc'><strong><em>71.</em></strong></span> <span class='ocrx_word' id='word_1_127' title='bbox 600 1245 771 1284; x_wconf 83' lang='lat' dir='ltr'><strong><em>consilium,</em></strong></span> <span class='ocrx_word' id='word_1_128' title='bbox 787 1249 895 1275; x_wconf 75' lang='lat' dir='ltr'><strong><em>emtus</em></strong></span> <span class='ocrx_word' id='word_1_129' title='bbox 913 1245 969 1275; x_wconf 85' lang='lat' dir='ltr'><strong><em>de-</em></strong></span> 
     </span>
     <span class='ocr_line' id='line_1_26' title="bbox 302 1285 968 1325; baseline 0.005 -10"><span class='ocrx_word' id='word_1_130' title='bbox 302 1285 522 1318; x_wconf 80' lang='lat' dir='ltr'>liberantium</span> <span class='ocrx_word' id='word_1_131' title='bbox 550 1287 580 1317; x_wconf 89' lang='lat' dir='ltr'><strong><em>G</em></strong></span> <span class='ocrx_word' id='word_1_132' title='bbox 600 1287 646 1323; x_wconf 90' lang='lat' dir='ltr'><strong><em>iii,</em></strong></span> <span class='ocrx_word' id='word_1_133' title='bbox 663 1290 695 1324; x_wconf 84' lang='lat'><strong><em>3,</em></strong></span> <span class='ocrx_word' id='word_1_134' title='bbox 712 1290 764 1318; x_wconf 81' lang='lat'><strong><em>23.</em></strong></span> <span class='ocrx_word' id='word_1_135' title='bbox 790 1297 822 1323; x_wconf 85' lang='lat' dir='ltr'><strong><em>v,</em></strong></span> <span class='ocrx_word' id='word_1_136' title='bbox 845 1289 898 1325; x_wconf 74' lang='lat'><strong><em>28,</em></strong></span> <span class='ocrx_word' id='word_1_137' title='bbox 916 1290 968 1318; x_wconf 85' lang='grc'><strong><em>31.</em></strong></span> 
     </span>
     <span class='ocr_line' id='line_1_27' title="bbox 302 1327 968 1366; baseline 0.002 -8"><span class='ocrx_word' id='word_1_138' title='bbox 302 1327 341 1360; x_wconf 87' lang='lat' dir='ltr'><strong><em>it.</em></strong></span> <span class='ocrx_word' id='word_1_139' title='bbox 359 1328 389 1360; x_wconf 88' lang='lat' dir='ltr'>G</span> <span class='ocrx_word' id='word_1_140' title='bbox 408 1329 430 1366; x_wconf 88' lang='lat' dir='ltr'><strong><em>i,</em></strong></span> <span class='ocrx_word' id='word_1_141' title='bbox 446 1332 499 1360; x_wconf 75' lang='grc'><strong><em>40.</em></strong></span> <span class='ocrx_word' id='word_1_142' title='bbox 552 1330 609 1360; x_wconf 90' lang='lat' dir='ltr'><strong><em>ubi</em></strong></span> <span class='ocrx_word' id='word_1_143' title='bbox 628 1330 774 1360; x_wconf 83' lang='lat' dir='ltr'><strong><em>militare</em></strong></span> <span class='ocrx_word' id='word_1_144' title='bbox 792 1330 968 1360; x_wconf 82' lang='lat' dir='ltr'><strong><em>consilium</em></strong></span> 
     </span>
     <span class='ocr_line' id='line_1_28' title="bbox 305 1370 968 1410; baseline 0.003 -10"><span class='ocrx_word' id='word_1_145' title='bbox 305 1380 332 1401; x_wconf 87' lang='lat' dir='ltr'><strong><em>s.</em></strong></span> <span class='ocrx_word' id='word_1_146' title='bbox 358 1370 563 1403; x_wconf 82' lang='lat' dir='ltr'><strong><em>Praetorium</em></strong></span> <span class='ocrx_word' id='word_1_147' title='bbox 588 1372 802 1410; x_wconf 72' lang='lat' dir='ltr'><strong><em>intelligitur.</em></strong></span> <span class='ocrx_word' id='word_1_148' title='bbox 850 1372 888 1402; x_wconf 93' lang='lat' dir='ltr'><strong><em>In</em></strong></span> <span class='ocrx_word' id='word_1_149' title='bbox 917 1372 968 1402; x_wconf 76' lang='lat' dir='ltr'><strong><em>liis</em></strong></span> 
     </span>
     <span class='ocr_line' id='line_1_29' title="bbox 302 1413 967 1455; baseline 0.002 -12"><span class='ocrx_word' id='word_1_150' title='bbox 302 1413 385 1444; x_wconf 83' lang='lat' dir='ltr'><strong><em>locis</em></strong></span> <span class='ocrx_word' id='word_1_151' title='bbox 410 1414 608 1455; x_wconf 80' lang='lat' dir='ltr'><strong><em>plerumque</em></strong></span> <span class='ocrx_word' id='word_1_152' title='bbox 631 1420 684 1446; x_wconf 83' lang='lat' dir='ltr'><strong><em>est</em></strong></span> <span class='ocrx_word' id='word_1_153' title='bbox 709 1425 778 1445; x_wconf 83' lang='lat' dir='ltr'><strong><em>var.</em></strong></span> <span class='ocrx_word' id='word_1_154' title='bbox 795 1415 874 1446; x_wconf 83' lang='lat' dir='ltr'><strong><em>lect.</em></strong></span> <span class='ocrx_word' id='word_1_155' title='bbox 899 1425 967 1445; x_wconf 83' lang='lat' dir='ltr'><strong><em>con-</em></strong></span> 
     </span>
     <span class='ocr_line' id='line_1_30' title="bbox 302 1456 969 1498; baseline 0.001 -12"><span class='ocrx_word' id='word_1_156' title='bbox 302 1456 433 1492; x_wconf 81' lang='lat' dir='ltr'><strong><em>cilium,·</em></strong></span> <span class='ocrx_word' id='word_1_157' title='bbox 471 1458 528 1488; x_wconf 80' lang='lat' dir='ltr'><strong><em>sed</em></strong></span> <span class='ocrx_word' id='word_1_158' title='bbox 561 1458 624 1488; x_wconf 80' lang='lat' dir='ltr'><strong><em>lioc</em></strong></span> <span class='ocrx_word' id='word_1_159' title='bbox 653 1456 823 1496; x_wconf 77' lang='lat' dir='ltr'><strong><em>signifieat</em></strong></span> <span class='ocrx_word' id='word_1_160' title='bbox 855 1468 969 1498; x_wconf 81' lang='lat' dir='ltr'><strong><em>qnem-</em></strong></span> 
     </span>
     <span class='ocr_line' id='line_1_31' title="bbox 302 1497 968 1537; baseline 0.003 -9"><span class='ocrx_word' id='word_1_161' title='bbox 302 1497 388 1529; x_wconf 83' lang='lat' dir='ltr'><strong><em>libet</em></strong></span> <span class='ocrx_word' id='word_1_162' title='bbox 419 1504 568 1537; x_wconf 71' lang='lat' dir='ltr'><strong><em>coetum3</em></strong></span> <span class='ocrx_word' id='word_1_163' title='bbox 603 1500 769 1530; x_wconf 84' lang='lat' dir='ltr'><strong><em>consilium</em></strong></span> <span class='ocrx_word' id='word_1_164' title='bbox 803 1509 883 1530; x_wconf 87' lang='lat' dir='ltr'><strong><em>vero</em></strong></span> <span class='ocrx_word' id='word_1_165' title='bbox 914 1504 968 1530; x_wconf 72' lang='lat' dir='ltr'><strong><em>est</em></strong></span> 
     </span>
     <span class='ocr_line' id='line_1_32' title="bbox 301 1540 968 1573; baseline 0.001 -3"><span class='ocrx_word' id='word_1_166' title='bbox 301 1540 486 1572; x_wconf 85' lang='lat' dir='ltr'><strong><em>multitudo</em></strong></span> <span class='ocrx_word' id='word_1_167' title='bbox 507 1542 784 1573; x_wconf 61' lang='lat' dir='ltr'>deliberantium.</span> <span class='ocrx_word' id='word_1_168' title='bbox 831 1542 968 1572; x_wconf 82' lang='lat' dir='ltr'><strong><em>Consilio</em></strong></span> 
     </span>
     <span class='ocr_line' id='line_1_33' title="bbox 298 1583 967 1622; baseline 0.001 -9"><span class='ocrx_word' id='word_1_169' title='bbox 298 1583 434 1622; x_wconf 74' lang='lat' dir='ltr'><strong><em>publico,</em></strong></span> <span class='ocrx_word' id='word_1_170' title='bbox 459 1584 565 1615; x_wconf 86' lang='lat' dir='ltr'><strong><em>totius</em></strong></span> <span class='ocrx_word' id='word_1_171' title='bbox 583 1585 733 1615; x_wconf 78' lang='lat' dir='ltr'><strong><em>civitatis</em></strong></span> <span class='ocrx_word' id='word_1_172' title='bbox 750 1593 916 1615; x_wconf 73' lang='lat' dir='ltr'><strong><em>consensu</em></strong></span> <span class='ocrx_word' id='word_1_173' title='bbox 935 1586 967 1614; x_wconf 97' lang='lat' dir='ltr'><strong><em>G</em></strong></span> 
     </span>
     <span class='ocr_line' id='line_1_34' title="bbox 303 1629 384 1664; baseline 0.037 -10"><span class='ocrx_word' id='word_1_174' title='bbox 303 1635 336 1664; x_wconf 67' lang='lat' dir='ltr'><strong><em>v,</em></strong></span> <span class='ocrx_word' id='word_1_175' title='bbox 356 1629 384 1657; x_wconf 91' lang='grc'><strong><em>1.</em></strong></span> 
     </span>
    </p>

    <p class='ocr_par' dir='ltr' id='par_1_11' title="bbox 262 1668 873 1707">
     <span class='ocr_line' id='line_1_35' title="bbox 262 1668 873 1707; baseline 0.003 -9"><span class='ocrx_word' id='word_1_176' title='bbox 262 1668 451 1707; x_wconf 79' lang='lat' dir='ltr'><strong><em>Consimilis,</em></strong></span> <span class='ocrx_word' id='word_1_177' title='bbox 467 1669 585 1699; x_wconf 75' lang='lat' dir='ltr'><strong><em>similis</em></strong></span> <span class='ocrx_word' id='word_1_178' title='bbox 603 1669 631 1699; x_wconf 89' lang='lat' dir='ltr'><strong><em>G</em></strong></span> <span class='ocrx_word' id='word_1_179' title='bbox 653 1669 687 1707; x_wconf 86' lang='lat' dir='ltr'><strong><em>ii,</em></strong></span> <span class='ocrx_word' id='word_1_180' title='bbox 706 1673 758 1700; x_wconf 87' lang='grc'><strong><em>11.</em></strong></span> <span class='ocrx_word' id='word_1_181' title='bbox 781 1679 815 1706; x_wconf 85' lang='lat' dir='ltr'><strong><em>v,</em></strong></span> <span class='ocrx_word' id='word_1_182' title='bbox 833 1672 873 1700; x_wconf 82' lang='lat'><strong><em>12</em></strong></span> 
     </span>
    </p>

    <p class='ocr_par' dir='ltr' id='par_1_12' title="bbox 262 1710 968 1921">
     <span class='ocr_line' id='line_1_36' title="bbox 262 1710 968 1750; baseline 0 -10"><span class='ocrx_word' id='word_1_183' title='bbox 262 1711 440 1742; x_wconf 79' lang='lat' dir='ltr'><strong><em>Consislere</em></strong></span> <span class='ocrx_word' id='word_1_184' title='bbox 465 1711 566 1750; x_wconf 79' lang='lat' dir='ltr'><strong><em>aliquo</em></strong></span> <span class='ocrx_word' id='word_1_185' title='bbox 579 1712 656 1748; x_wconf 89' lang='lat' dir='ltr'><strong><em>Ioco,</em></strong></span> <span class='ocrx_word' id='word_1_186' title='bbox 686 1711 733 1741; x_wconf 85' lang='lat' dir='ltr'><strong><em>ibi</em></strong></span> <span class='ocrx_word' id='word_1_187' title='bbox 762 1711 899 1748; x_wconf 77' lang='lat' dir='ltr'><strong><em>nwrari,</em></strong></span> <span class='ocrx_word' id='word_1_188' title='bbox 931 1710 968 1741; x_wconf 84' lang='lat' dir='ltr'><strong><em>nt</em></strong></span> 
     </span>
     <span class='ocr_line' id='line_1_37' title="bbox 303 1753 968 1793; baseline 0 -10"><span class='ocrx_word' id='word_1_189' title='bbox 303 1753 520 1793; x_wconf 86' lang='lat' dir='ltr'><strong><em>peregrinum</em></strong></span> <span class='ocrx_word' id='word_1_190' title='bbox 551 1753 582 1784; x_wconf 88' lang='lat' dir='ltr'>G</span> <span class='ocrx_word' id='word_1_191' title='bbox 608 1753 664 1789; x_wconf 89' lang='lat' dir='ltr'><strong><em>vii,</em></strong></span> <span class='ocrx_word' id='word_1_192' title='bbox 688 1755 718 1784; x_wconf 84' lang='grc'><strong><em>3.</em></strong></span> <span class='ocrx_word' id='word_1_193' title='bbox 757 1753 920 1784; x_wconf 72' lang='lat' dir='ltr'><strong><em>consistere</em></strong></span> <span class='ocrx_word' id='word_1_194' title='bbox 936 1753 968 1783; x_wconf 84' lang='lat' dir='ltr'><strong><em>in</em></strong></span> 
     </span>
     <span class='ocr_line' id='line_1_38' title="bbox 301 1797 968 1836; baseline 0 -11"><span class='ocrx_word' id='word_1_195' title='bbox 301 1805 348 1834; x_wconf 82' lang='lat' dir='ltr'><strong><em>re,</em></strong></span> <span class='ocrx_word' id='word_1_196' title='bbox 361 1805 597 1836; x_wconf 85' lang='lat' dir='ltr'><strong><em>perseverare,</em></strong></span> <span class='ocrx_word' id='word_1_197' title='bbox 612 1801 767 1835; x_wconf 82' lang='lat' dir='ltr'><strong><em>perstare</em></strong></span> <span class='ocrx_word' id='word_1_198' title='bbox 784 1797 816 1826; x_wconf 91' lang='lat' dir='ltr'><strong><em>in</em></strong></span> <span class='ocrx_word' id='word_1_199' title='bbox 833 1800 968 1826; x_wconf 85' lang='lat' dir='ltr'><strong><em>senten-</em></strong></span> 
     </span>
     <span class='ocr_line' id='line_1_39' title="bbox 303 1838 968 1878; baseline 0 -9"><span class='ocrx_word' id='word_1_200' title='bbox 303 1839 352 1869; x_wconf 87' lang='lat' dir='ltr'><strong><em>tia</em></strong></span> <span class='ocrx_word' id='word_1_201' title='bbox 376 1839 417 1869; x_wconf 88' lang='lat' dir='ltr'><strong><em>de</em></strong></span> <span class='ocrx_word' id='word_1_202' title='bbox 446 1839 508 1870; x_wconf 85' lang='lat' dir='ltr'><strong><em>hac</em></strong></span> <span class='ocrx_word' id='word_1_203' title='bbox 534 1849 570 1869; x_wconf 88' lang='lat' dir='ltr'><strong><em>rc</em></strong></span> <span class='ocrx_word' id='word_1_204' title='bbox 596 1838 627 1870; x_wconf 90' lang='lat' dir='ltr'><strong><em>G</em></strong></span> <span class='ocrx_word' id='word_1_205' title='bbox 658 1849 690 1875; x_wconf 88' lang='lat' dir='ltr'><strong><em>v,</em></strong></span> <span class='ocrx_word' id='word_1_206' title='bbox 718 1841 770 1869; x_wconf 85' lang='grc'><strong><em>36.</em></strong></span> <span class='ocrx_word' id='word_1_207' title='bbox 820 1838 968 1878; x_wconf 69' lang='lat' dir='ltr'><strong><em>inopere</em></strong></span> 
     </span>
     <span class='ocr_line' id='line_1_40' title="bbox 304 1880 885 1921; baseline 0.002 -10"><span class='ocrx_word' id='word_1_208' title='bbox 304 1880 360 1911; x_wconf 79' lang='lat' dir='ltr'><strong><em>Af.</em></strong></span> <span class='ocrx_word' id='word_1_209' title='bbox 377 1885 430 1912; x_wconf 85' lang='lat'><strong><em>31.</em></strong></span> <span class='ocrx_word' id='word_1_210' title='bbox 474 1882 507 1912; x_wconf 81' lang='lat' dir='ltr'><strong><em>in</em></strong></span> <span class='ocrx_word' id='word_1_211' title='bbox 523 1882 735 1912; x_wconf 78' lang='lat' dir='ltr'><strong><em>misericordia</em></strong></span> <span class='ocrx_word' id='word_1_212' title='bbox 755 1882 781 1912; x_wconf 92' lang='lat' dir='ltr'>C</span> <span class='ocrx_word' id='word_1_213' title='bbox 797 1881 818 1921; x_wconf 90' lang='lat' dir='ltr'><strong><em>i,</em></strong></span> <span class='ocrx_word' id='word_1_214' title='bbox 834 1885 885 1912; x_wconf 75' lang='grc'><strong><em>85.</em></strong></span> 
     </span>
    </p>

    <p class='ocr_par' dir='ltr' id='par_1_13' title="bbox 263 1924 795 1963">
     <span class='ocr_line' id='line_1_41' title="bbox 263 1924 795 1963; baseline 0 -9"><span class='ocrx_word' id='word_1_215' title='bbox 263 1924 454 1963; x_wconf 78' lang='lat' dir='ltr'><strong><em>Conspiruti,</em></strong></span> <span class='ocrx_word' id='word_1_216' title='bbox 471 1925 618 1955; x_wconf 76' lang='lat' dir='ltr'><strong><em>coartati</em></strong></span> <span class='ocrx_word' id='word_1_217' title='bbox 634 1925 661 1955; x_wconf 92' lang='lat' dir='ltr'>C</span> <span class='ocrx_word' id='word_1_218' title='bbox 678 1924 724 1963; x_wconf 85' lang='lat' dir='ltr'><strong><em>iii,</em></strong></span> <span class='ocrx_word' id='word_1_219' title='bbox 743 1927 795 1954; x_wconf 71' lang='grc'><strong><em>46.</em></strong></span> 
     </span>
    </p>

    <p class='ocr_par' dir='ltr' id='par_1_14' title="bbox 262 1966 967 2132">
     <span class='ocr_line' id='line_1_42' title="bbox 262 1966 967 2006; baseline -0.001 -9"><span class='ocrx_word' id='word_1_220' title='bbox 262 1967 449 1997; x_wconf 65' lang='lat' dir='ltr'><strong><em>Con-stanter</em></strong></span> <span class='ocrx_word' id='word_1_221' title='bbox 461 1967 624 2003; x_wconf 82' lang='lat' dir='ltr'><strong><em>nuntiant,</em></strong></span> <span class='ocrx_word' id='word_1_222' title='bbox 640 1966 696 2006; x_wconf 88' lang='lat' dir='ltr'><strong><em>qni</em></strong></span> <span class='ocrx_word' id='word_1_223' title='bbox 712 1975 826 1995; x_wconf 70' lang='lat' dir='ltr'><strong><em>omnes</em></strong></span> <span class='ocrx_word' id='word_1_224' title='bbox 845 1975 967 2005; x_wconf 81' lang='lat' dir='ltr'><strong><em>magno</em></strong></span> 
     </span>
     <span class='ocr_line' id='line_1_43' title="bbox 303 2008 966 2046; baseline -0.002 -7"><span class='ocrx_word' id='word_1_225' title='bbox 303 2017 379 2039; x_wconf 88' lang='lat' dir='ltr'><strong><em>cum</em></strong></span> <span class='ocrx_word' id='word_1_226' title='bbox 422 2018 588 2039; x_wconf 75' lang='lat' dir='ltr'><strong><em>consensu</em></strong></span> <span class='ocrx_word' id='word_1_227' title='bbox 621 2009 779 2039; x_wconf 74' lang='lat' dir='ltr'><strong><em>nuntiant</em></strong></span> <span class='ocrx_word' id='word_1_228' title='bbox 812 2008 844 2038; x_wconf 93' lang='lat' dir='ltr'>G</span> <span class='ocrx_word' id='word_1_229' title='bbox 871 2008 907 2046; x_wconf 88' lang='lat' dir='ltr'><strong><em>ii,</em></strong></span> <span class='ocrx_word' id='word_1_230' title='bbox 935 2011 966 2038; x_wconf 79' lang='lat'><strong><em>2.</em></strong></span> 
     </span>
     <span class='ocr_line' id='line_1_44' title="bbox 303 2049 966 2090; baseline -0.003 -8"><span class='ocrx_word' id='word_1_231' title='bbox 303 2049 396 2082; x_wconf 86' lang='lat' dir='ltr'><strong><em>Hinc</em></strong></span> <span class='ocrx_word' id='word_1_232' title='bbox 424 2054 544 2082; x_wconf 77' lang='lat' dir='ltr'><strong><em>constat</em></strong></span> <span class='ocrx_word' id='word_1_233' title='bbox 580 2051 663 2081; x_wconf 81' lang='lat' dir='ltr'><strong><em>iuter</em></strong></span> <span class='ocrx_word' id='word_1_234' title='bbox 695 2060 809 2090; x_wconf 79' lang='lat' dir='ltr'><strong><em>omncs,</em></strong></span> <span class='ocrx_word' id='word_1_235' title='bbox 851 2060 966 2081; x_wconf 74' lang='lat' dir='ltr'><strong><em>omnes</em></strong></span> 
     </span>
     <span class='ocr_line' id='line_1_45' title="bbox 302 2093 736 2132; baseline 0 -9"><span class='ocrx_word' id='word_1_236' title='bbox 302 2093 393 2124; x_wconf 84' lang='lat' dir='ltr'><strong><em>idem</em></strong></span> <span class='ocrx_word' id='word_1_237' title='bbox 417 2094 537 2125; x_wconf 81' lang='lat' dir='ltr'><strong><em>dicunt</em></strong></span> <span class='ocrx_word' id='word_1_238' title='bbox 553 2094 581 2124; x_wconf 87' lang='lat' dir='ltr'><strong><em>G</em></strong></span> <span class='ocrx_word' id='word_1_239' title='bbox 603 2094 660 2132; x_wconf 81' lang='lat' dir='ltr'><strong><em>vii,</em></strong></span> <span class='ocrx_word' id='word_1_240' title='bbox 684 2096 736 2124; x_wconf 66' lang='lat'><strong><em>44.</em></strong></span> 
     </span>
    </p>

    <p class='ocr_par' dir='ltr' id='par_1_15' title="bbox 262 2134 967 2262">
     <span class='ocr_line' id='line_1_46' title="bbox 262 2134 965 2176; baseline -0.003 -9"><span class='ocrx_word' id='word_1_241' title='bbox 262 2137 464 2167; x_wconf 81' lang='lat' dir='ltr'><strong><em>Consterncrc</em></strong></span> <span class='ocrx_word' id='word_1_242' title='bbox 484 2137 629 2176; x_wconf 77' lang='lat' dir='ltr'><strong><em>paludem</em></strong></span> <span class='ocrx_word' id='word_1_243' title='bbox 650 2140 742 2176; x_wconf 81' lang='lat' dir='ltr'><strong><em>ponte</em></strong></span> <span class='ocrx_word' id='word_1_244' title='bbox 766 2134 798 2166; x_wconf 92' lang='lat' dir='ltr'>G</span> <span class='ocrx_word' id='word_1_245' title='bbox 817 2135 888 2173; x_wconf 84' lang='lat' dir='ltr'><strong><em>viii,</em></strong></span> <span class='ocrx_word' id='word_1_246' title='bbox 914 2138 965 2166; x_wconf 69' lang='lat'><strong><em>14.</em></strong></span> 
     </span>
     <span class='ocr_line' id='line_1_47' title="bbox 298 2178 967 2220; baseline -0.003 -11"><span class='ocrx_word' id='word_1_247' title='bbox 298 2182 408 2220; x_wconf 80' lang='lat' dir='ltr'><strong><em>pontes</em></strong></span> <span class='ocrx_word' id='word_1_248' title='bbox 439 2181 678 2209; x_wconf 76' lang='lat' dir='ltr'><strong><em>consternuntur</em></strong></span> <span class='ocrx_word' id='word_1_249' title='bbox 711 2178 827 2210; x_wconf 80' lang='lat' dir='ltr'><strong><em>trabes</em></strong></span> <span class='ocrx_word' id='word_1_250' title='bbox 861 2178 967 2218; x_wconf 82' lang='lat' dir='ltr'><strong><em>impo-</em></strong></span> 
     </span>
     <span class='ocr_line' id='line_1_48' title="bbox 303 2220 943 2262; baseline 0 -11"><span class='ocrx_word' id='word_1_251' title='bbox 303 2226 429 2252; x_wconf 87' lang='lat' dir='ltr'><strong><em>nuntur</em></strong></span> <span class='ocrx_word' id='word_1_252' title='bbox 445 2222 478 2252; x_wconf 89' lang='lat' dir='ltr'><strong><em>in</em></strong></span> <span class='ocrx_word' id='word_1_253' title='bbox 495 2222 630 2252; x_wconf 83' lang='lat' dir='ltr'><strong><em>modum</em></strong></span> <span class='ocrx_word' id='word_1_254' title='bbox 648 2222 762 2262; x_wconf 89' lang='lat' dir='ltr'><strong><em>pontis</em></strong></span> <span class='ocrx_word' id='word_1_255' title='bbox 780 2221 811 2252; x_wconf 84' lang='lat' dir='ltr'><strong><em>G</em></strong></span> <span class='ocrx_word' id='word_1_256' title='bbox 827 2220 896 2259; x_wconf 88' lang='lat' dir='ltr'><strong><em>viii,</em></strong></span> <span class='ocrx_word' id='word_1_257' title='bbox 911 2224 943 2251; x_wconf 85' lang='lat'><strong><em>9.</em></strong></span> 
     </span>
    </p>

    <p class='ocr_par' dir='ltr' id='par_1_16' title="bbox 263 2263 966 2431">
     <span class='ocr_line' id='line_1_49' title="bbox 263 2263 965 2303; baseline -0.003 -8"><span class='ocrx_word' id='word_1_258' title='bbox 263 2264 458 2296; x_wconf 68' lang='lat' dir='ltr'><strong><em>Constituere</em></strong></span> <span class='ocrx_word' id='word_1_259' title='bbox 484 2265 563 2295; x_wconf 76' lang='lat' dir='ltr'><strong><em>diem</em></strong></span> <span class='ocrx_word' id='word_1_260' title='bbox 591 2275 660 2294; x_wconf 85' lang='lat' dir='ltr'><strong><em>cum</em></strong></span> <span class='ocrx_word' id='word_1_261' title='bbox 688 2265 790 2303; x_wconf 78' lang='lat' dir='ltr'><strong><em>aliquo</em></strong></span> <span class='ocrx_word' id='word_1_262' title='bbox 820 2263 851 2294; x_wconf 90' lang='lat' dir='ltr'>G</span> <span class='ocrx_word' id='word_1_263' title='bbox 880 2263 903 2302; x_wconf 87' lang='lat' dir='ltr'><strong><em>i,</em></strong></span> <span class='ocrx_word' id='word_1_264' title='bbox 934 2266 965 2293; x_wconf 76' lang='lat'><strong><em>8.</em></strong></span> 
     </span>
     <span class='ocr_line' id='line_1_50' title="bbox 301 2306 964 2347; baseline -0.003 -9"><span class='ocrx_word' id='word_1_265' title='bbox 301 2307 486 2338; x_wconf 76' lang='lat' dir='ltr'><strong><em>constituere</em></strong></span> <span class='ocrx_word' id='word_1_266' title='bbox 501 2308 660 2347; x_wconf 81' lang='lat' dir='ltr'><strong><em>oppidum,</em></strong></span> <span class='ocrx_word' id='word_1_267' title='bbox 682 2306 831 2343; x_wconf 77' lang='lat' dir='ltr'><strong><em>efficere,</em></strong></span> <span class='ocrx_word' id='word_1_268' title='bbox 845 2311 882 2337; x_wconf 89' lang='lat' dir='ltr'><strong><em>ut</em></strong></span> <span class='ocrx_word' id='word_1_269' title='bbox 896 2316 964 2336; x_wconf 89' lang='lat' dir='ltr'><strong><em>me-</em></strong></span> 
     </span>
     <span class='ocr_line' id='line_1_51' title="bbox 302 2348 966 2390; baseline -0.003 -9"><span class='ocrx_word' id='word_1_270' title='bbox 302 2349 389 2381; x_wconf 79' lang='lat' dir='ltr'><strong><em>lio&#39;rc</em></strong></span> <span class='ocrx_word' id='word_1_271' title='bbox 404 2350 460 2387; x_wconf 83' lang='lat' dir='ltr'><strong><em>sit,</em></strong></span> <span class='ocrx_word' id='word_1_272' title='bbox 481 2360 578 2390; x_wconf 80' lang='lat' dir='ltr'><strong><em>quam</em></strong></span> <span class='ocrx_word' id='word_1_273' title='bbox 597 2355 709 2388; x_wconf 78' lang='lat' dir='ltr'><strong><em>antea,</em></strong></span> <span class='ocrx_word' id='word_1_274' title='bbox 723 2349 920 2380; x_wconf 86' lang='lat' dir='ltr'><strong><em>conditione</em></strong></span> <span class='ocrx_word' id='word_1_275' title='bbox 938 2348 966 2379; x_wconf 94' lang='lat' dir='ltr'>C</span> 
     </span>
     <span class='ocr_line' id='line_1_52' title="bbox 303 2392 711 2431; baseline 0 -9"><span class='ocrx_word' id='word_1_276' title='bbox 303 2392 327 2431; x_wconf 88' lang='lat' dir='ltr'><strong><em>i,</em></strong></span> <span class='ocrx_word' id='word_1_277' title='bbox 343 2395 394 2424; x_wconf 85' lang='lat'><strong><em>15.</em></strong></span> <span class='ocrx_word' id='word_1_278' title='bbox 440 2395 543 2423; x_wconf 78' lang='lat' dir='ltr'><strong><em>turres</em></strong></span> <span class='ocrx_word' id='word_1_279' title='bbox 560 2392 590 2422; x_wconf 90' lang='lat' dir='ltr'>G</span> <span class='ocrx_word' id='word_1_280' title='bbox 608 2392 642 2430; x_wconf 90' lang='lat' dir='ltr'><strong><em>ii,</em></strong></span> <span class='ocrx_word' id='word_1_281' title='bbox 661 2395 711 2423; x_wconf 88' lang='lat'><strong><em>12.</em></strong></span> 
     </span>
    </p>

    <p class='ocr_par' dir='ltr' id='par_1_17' title="bbox 263 2433 965 2510">
     <span class='ocr_line' id='line_1_53' title="bbox 263 2433 965 2474; baseline 0 -8"><span class='ocrx_word' id='word_1_282' title='bbox 263 2436 430 2466; x_wconf 63' lang='lat' dir='ltr'><strong><em>Consti—atu</em></strong></span> <span class='ocrx_word' id='word_1_283' title='bbox 456 2436 542 2466; x_wconf 80' lang='lat' dir='ltr'><strong><em>naris</em></strong></span> <span class='ocrx_word' id='word_1_284' title='bbox 566 2436 593 2466; x_wconf 88' lang='lat' dir='ltr'>C</span> <span class='ocrx_word' id='word_1_285' title='bbox 610 2436 644 2473; x_wconf 89' lang='lat' dir='ltr'><strong><em>ii,</em></strong></span> <span class='ocrx_word' id='word_1_286' title='bbox 669 2438 721 2466; x_wconf 83' lang='grc'><strong><em>23.</em></strong></span> <span class='ocrx_word' id='word_1_287' title='bbox 745 2434 793 2474; x_wconf 86' lang='lat' dir='ltr'><strong><em>iii,</em></strong></span> <span class='ocrx_word' id='word_1_288' title='bbox 809 2437 840 2465; x_wconf 91' lang='lat'><strong><em>7.</em></strong></span> <span class='ocrx_word' id='word_1_289' title='bbox 866 2433 896 2465; x_wconf 83' lang='grc' dir='ltr'>Α</span> <span class='ocrx_word' id='word_1_290' title='bbox 914 2437 965 2466; x_wconf 91' lang='grc'><strong><em>11.</em></strong></span> 
     </span>
     <span class='ocr_line' id='line_1_54' title="bbox 304 2477 502 2510; baseline -0.005 -1"><span class='ocrx_word' id='word_1_291' title='bbox 304 2477 357 2509; x_wconf 85' lang='lat' dir='ltr'><strong><em>Cf.</em></strong></span> <span class='ocrx_word' id='word_1_292' title='bbox 384 2478 502 2510; x_wconf 63' lang='lat' dir='ltr'><strong><em>Teutas.</em></strong></span> 
     </span>
    </p>

    <p class='ocr_par' dir='ltr' id='par_1_18' title="bbox 264 2519 965 2776">
     <span class='ocr_line' id='line_1_55' title="bbox 264 2519 965 2562; baseline -0.001 -11"><span class='ocrx_word' id='word_1_293' title='bbox 264 2521 444 2558; x_wconf 81' lang='lat' dir='ltr'><strong><em>Consuesco,</em></strong></span> <span class='ocrx_word' id='word_1_294' title='bbox 484 2520 685 2552; x_wconf 82' lang='lat' dir='ltr'><strong>Perfectum</strong></span> <span class='ocrx_word' id='word_1_295' title='bbox 720 2520 861 2552; x_wconf 78' lang='lat' dir='ltr'><strong><em>consuevi</em></strong></span> <span class='ocrx_word' id='word_1_296' title='bbox 903 2519 965 2562; x_wconf 86' lang='lat' dir='ltr'><strong><em>(sc.</em></strong></span> 
     </span>
     <span class='ocr_line' id='line_1_56' title="bbox 305 2563 899 2604; baseline 0 -10"><span class='ocrx_word' id='word_1_297' title='bbox 305 2563 375 2604; x_wconf 84' lang='lat' dir='ltr'><strong><em>me)</em></strong></span> <span class='ocrx_word' id='word_1_298' title='bbox 400 2568 464 2603; x_wconf 88' lang='lat' dir='ltr'><strong><em>est,</em></strong></span> <span class='ocrx_word' id='word_1_299' title='bbox 478 2565 570 2595; x_wconf 85' lang='lat' dir='ltr'><strong><em>soleo</em></strong></span> <span class='ocrx_word' id='word_1_300' title='bbox 586 2564 653 2603; x_wconf 88' lang='lat' dir='ltr'><strong><em>Gi,</em></strong></span> <span class='ocrx_word' id='word_1_301' title='bbox 672 2567 722 2603; x_wconf 68' lang='lat'><strong><em>14,</em></strong></span> <span class='ocrx_word' id='word_1_302' title='bbox 741 2567 795 2596; x_wconf 78' lang='grc'><strong><em>43.</em></strong></span> <span class='ocrx_word' id='word_1_303' title='bbox 821 2573 851 2603; x_wconf 86' lang='grc' dir='ltr'><strong><em>ν,</em></strong></span> <span class='ocrx_word' id='word_1_304' title='bbox 867 2566 899 2594; x_wconf 91' lang='grc'><strong><em>7.</em></strong></span> 
     </span>
     <span class='ocr_line' id='line_1_57' title="bbox 264 2606 963 2647; baseline 0.006 -14"><span class='ocrx_word' id='word_1_305' title='bbox 264 2606 492 2647; x_wconf 68' lang='lat' dir='ltr'><strong><em>contabulatio,</em></strong></span> <span class='ocrx_word' id='word_1_306' title='bbox 526 2607 671 2638; x_wconf 86' lang='lat' dir='ltr'><strong><em>tabulati</em></strong></span> <span class='ocrx_word' id='word_1_307' title='bbox 700 2607 906 2647; x_wconf 83' lang='lat' dir='ltr'><strong><em>exstructio,</em></strong></span> <span class='ocrx_word' id='word_1_308' title='bbox 936 2616 963 2637; x_wconf 74' lang='lat' dir='ltr'><strong><em>S.</em></strong></span> 
     </span>
     <span class='ocr_line' id='line_1_58' title="bbox 304 2649 963 2690; baseline 0.003 -13"><span class='ocrx_word' id='word_1_309' title='bbox 304 2649 494 2680; x_wconf 71' lang='lat' dir='ltr'><strong><em>tabularum</em></strong></span> <span class='ocrx_word' id='word_1_310' title='bbox 525 2649 707 2681; x_wconf 79' lang='lat' dir='ltr'><strong><em>collocatio</em></strong></span> <span class='ocrx_word' id='word_1_311' title='bbox 735 2659 835 2690; x_wconf 82' lang='lat' dir='ltr'><strong><em>super</em></strong></span> <span class='ocrx_word' id='word_1_312' title='bbox 861 2649 963 2689; x_wconf 82' lang='lat' dir='ltr'><strong><em>tignis</em></strong></span> 
     </span>
     <span class='ocr_line' id='line_1_59' title="bbox 306 2693 962 2731; baseline 0.006 -12"><span class='ocrx_word' id='word_1_313' title='bbox 306 2693 503 2722; x_wconf 71' lang='lat' dir='ltr'><strong><em>transversis</em></strong></span> <span class='ocrx_word' id='word_1_314' title='bbox 538 2694 566 2724; x_wconf 83' lang='lat' dir='ltr'>C</span> <span class='ocrx_word' id='word_1_315' title='bbox 596 2693 632 2730; x_wconf 87' lang='lat' dir='ltr'><strong><em>ii,</em></strong></span> <span class='ocrx_word' id='word_1_316' title='bbox 659 2696 691 2723; x_wconf 82' lang='lat'><strong><em>9.</em></strong></span> <span class='ocrx_word' id='word_1_317' title='bbox 750 2695 873 2731; x_wconf 75' lang='lat' dir='ltr'><strong><em>Synon.</em></strong></span> <span class='ocrx_word' id='word_1_318' title='bbox 911 2697 962 2723; x_wconf 79' lang='lat' dir='ltr'><strong><em>est</em></strong></span> 
     </span>
     <span class='ocr_line' id='line_1_60' title="bbox 304 2734 963 2776; baseline 0.006 -16"><span class='ocrx_word' id='word_1_319' title='bbox 304 2734 503 2767; x_wconf 61' lang='lat' dir='ltr'><strong><em>contignatio.</em></strong></span> <span class='ocrx_word' id='word_1_320' title='bbox 541 2737 630 2776; x_wconf 73' lang='lat' dir='ltr'><strong><em>Ergo</em></strong></span> <span class='ocrx_word' id='word_1_321' title='bbox 647 2736 839 2766; x_wconf 64' lang='lat' dir='ltr'><strong><em>conlulsulure</em></strong></span> <span class='ocrx_word' id='word_1_322' title='bbox 862 2739 963 2765; x_wconf 81' lang='lat' dir='ltr'><strong><em>turrrs</em></strong></span> 
     </span>
    </p>
   </div>
   <div class='ocr_carea' id='block_1_3' title="bbox 933 173 1092 204">
    <p class='ocr_par' dir='ltr' id='par_1_19' title="bbox 933 173 1092 204">
     <span class='ocr_line' id='line_1_61' title="bbox 933 173 1092 204; baseline 0.006 -2"><span class='ocrx_word' id='word_1_323' title='bbox 933 173 1092 204; x_wconf 68' lang='lat' dir='ltr'>INDEX</span> 
     </span>
    </p>
   </div>
   <div class='ocr_carea' id='block_1_4' title="bbox 1022 266 1729 2774">
    <p class='ocr_par' dir='ltr' id='par_1_20' title="bbox 1063 266 1727 816">
     <span class='ocr_line' id='line_1_62' title="bbox 1067 266 1723 306; baseline -0.002 -7"><span class='ocrx_word' id='word_1_324' title='bbox 1067 267 1099 299; x_wconf 92' lang='lat' dir='ltr'>G</span> <span class='ocrx_word' id='word_1_325' title='bbox 1117 277 1149 304; x_wconf 91' lang='lat' dir='ltr'><strong><em>v,</em></strong></span> <span class='ocrx_word' id='word_1_326' title='bbox 1166 271 1219 299; x_wconf 74' lang='lat'><strong><em>40.</em></strong></span> <span class='ocrx_word' id='word_1_327' title='bbox 1245 267 1318 298; x_wconf 80' lang='lat' dir='ltr'><strong><em>Liv.</em></strong></span> <span class='ocrx_word' id='word_1_328' title='bbox 1345 266 1437 304; x_wconf 52' lang='lat' dir='ltr'><strong><em>xxiv,</em></strong></span> <span class='ocrx_word' id='word_1_329' title='bbox 1453 269 1504 298; x_wconf 69' lang='lat'><strong><em>34.</em></strong></span> <span class='ocrx_word' id='word_1_330' title='bbox 1530 273 1581 298; x_wconf 73' lang='lat' dir='ltr'><strong><em>est</em></strong></span> <span class='ocrx_word' id='word_1_331' title='bbox 1597 266 1723 306; x_wconf 74' lang='lat' dir='ltr'><strong><em>faeere,</em></strong></span> 
     </span>
     <span class='ocr_line' id='line_1_63' title="bbox 1066 308 1724 341; baseline 0 0"><span class='ocrx_word' id='word_1_332' title='bbox 1066 315 1103 341; x_wconf 92' lang='lat' dir='ltr'><strong><em>ut</em></strong></span> <span class='ocrx_word' id='word_1_333' title='bbox 1140 310 1205 341; x_wconf 90' lang='lat' dir='ltr'><strong><em>sint</em></strong></span> <span class='ocrx_word' id='word_1_334' title='bbox 1238 310 1269 340; x_wconf 88' lang='lat' dir='ltr'><strong><em>in</em></strong></span> <span class='ocrx_word' id='word_1_335' title='bbox 1306 308 1456 340; x_wconf 83' lang='lat' dir='ltr'><strong><em>turribus</em></strong></span> <span class='ocrx_word' id='word_1_336' title='bbox 1483 310 1618 340; x_wconf 73' lang='lat' dir='ltr'><strong><em>summis</em></strong></span> <span class='ocrx_word' id='word_1_337' title='bbox 1648 319 1724 341; x_wconf 83' lang='lat' dir='ltr'><strong><em>cou-</em></strong></span> 
     </span>
     <span class='ocr_line' id='line_1_64' title="bbox 1066 352 1726 391; baseline 0.002 -8"><span class='ocrx_word' id='word_1_338' title='bbox 1066 353 1293 384; x_wconf 63' lang='lat' dir='ltr'><strong><em>tabulationes</em></strong></span> <span class='ocrx_word' id='word_1_339' title='bbox 1309 363 1335 383; x_wconf 77' lang='lat' dir='ltr'><strong><em>s.</em></strong></span> <span class='ocrx_word' id='word_1_340' title='bbox 1354 352 1503 383; x_wconf 83' lang='lat' dir='ltr'><strong><em>tabulata</em></strong></span> <span class='ocrx_word' id='word_1_341' title='bbox 1520 352 1657 391; x_wconf 51' lang='lat' dir='ltr'><strong><em>(Rauen,</em></strong></span> <span class='ocrx_word' id='word_1_342' title='bbox 1673 353 1726 384; x_wconf 78' lang='lat' dir='ltr'><strong><em>des</em></strong></span> 
     </span>
     <span class='ocr_line' id='line_1_65' title="bbox 1063 394 1725 435; baseline 0.002 -11"><span class='ocrx_word' id='word_1_343' title='bbox 1063 396 1206 434; x_wconf 78' lang='lat' dir='ltr'><strong><em>plum-hes</em></strong></span> <span class='ocrx_word' id='word_1_344' title='bbox 1227 397 1264 425; x_wconf 83' lang='lat' dir='ltr'><strong><em>de</em></strong></span> <span class='ocrx_word' id='word_1_345' title='bbox 1285 395 1433 435; x_wconf 65' lang='lat' dir='ltr'><strong><em>diffi‘rens</em></strong></span> <span class='ocrx_word' id='word_1_346' title='bbox 1455 394 1575 433; x_wconf 64' lang='lat' dir='ltr'><strong><em>t‘tagcs)</em></strong></span> <span class='ocrx_word' id='word_1_347' title='bbox 1597 395 1631 425; x_wconf 90' lang='lat' dir='ltr'><strong><em>iu</em></strong></span> <span class='ocrx_word' id='word_1_348' title='bbox 1655 395 1725 435; x_wconf 84' lang='lat' dir='ltr'><strong><em>qui-</em></strong></span> 
     </span>
     <span class='ocr_line' id='line_1_66' title="bbox 1066 437 1726 477; baseline 0 -10"><span class='ocrx_word' id='word_1_349' title='bbox 1066 437 1126 467; x_wconf 67' lang='lat' dir='ltr'><strong><em>bn&lt;</em></strong></span> <span class='ocrx_word' id='word_1_350' title='bbox 1165 438 1300 475; x_wconf 71' lang='lat' dir='ltr'><strong><em>milites,</em></strong></span> <span class='ocrx_word' id='word_1_351' title='bbox 1339 443 1529 477; x_wconf 59' lang='lat' dir='ltr'><strong><em>pugnantes</em></strong></span> <span class='ocrx_word' id='word_1_352' title='bbox 1569 447 1587 467; x_wconf 88' lang='lat' dir='ltr'><strong><em>e</em></strong></span> <span class='ocrx_word' id='word_1_353' title='bbox 1630 438 1726 475; x_wconf 81' lang='lat' dir='ltr'><strong><em>turri,</em></strong></span> 
     </span>
     <span class='ocr_line' id='line_1_67' title="bbox 1065 480 1726 511; baseline 0 -1"><span class='ocrx_word' id='word_1_354' title='bbox 1065 481 1254 510; x_wconf 70' lang='lat' dir='ltr'><strong><em>consistunt</em></strong></span> <span class='ocrx_word' id='word_1_355' title='bbox 1314 480 1479 511; x_wconf 68' lang='lat' dir='ltr'><strong><em>Fortassis</em></strong></span> <span class='ocrx_word' id='word_1_356' title='bbox 1517 480 1619 510; x_wconf 83' lang='lat' dir='ltr'><strong><em>etiam</em></strong></span> <span class='ocrx_word' id='word_1_357' title='bbox 1657 488 1726 510; x_wconf 78' lang='lat' dir='ltr'><strong><em>con·</em></strong></span> 
     </span>
     <span class='ocr_line' id='line_1_68' title="bbox 1064 521 1727 561; baseline 0 -9"><span class='ocrx_word' id='word_1_358' title='bbox 1064 522 1204 553; x_wconf 77' lang='lat' dir='ltr'><strong><em>tubulure</em></strong></span> <span class='ocrx_word' id='word_1_359' title='bbox 1242 526 1343 552; x_wconf 76' lang='lat' dir='ltr'><strong><em>turres</em></strong></span> <span class='ocrx_word' id='word_1_360' title='bbox 1385 524 1553 553; x_wconf 70' lang='lat' dir='ltr'><strong><em>interdum</em></strong></span> <span class='ocrx_word' id='word_1_361' title='bbox 1592 527 1642 553; x_wconf 72' lang='lat' dir='ltr'><strong><em>est</em></strong></span> <span class='ocrx_word' id='word_1_362' title='bbox 1681 521 1727 561; x_wconf 84' lang='lat' dir='ltr'><strong><em>id,</em></strong></span> 
     </span>
     <span class='ocr_line' id='line_1_69' title="bbox 1064 563 1727 605; baseline -0.003 -11"><span class='ocrx_word' id='word_1_363' title='bbox 1064 565 1152 605; x_wconf 80' lang='lat' dir='ltr'><strong><em>quod</em></strong></span> <span class='ocrx_word' id='word_1_364' title='bbox 1185 566 1215 595; x_wconf 75' lang='lat'><strong><em>(¹1</em></strong></span> <span class='ocrx_word' id='word_1_365' title='bbox 1246 565 1313 601; x_wconf 71' lang='lat' dir='ltr'><strong><em>viii,</em></strong></span> <span class='ocrx_word' id='word_1_366' title='bbox 1341 568 1371 594; x_wconf 83' lang='grc'><strong><em>9.</em></strong></span> <span class='ocrx_word' id='word_1_367' title='bbox 1419 566 1551 603; x_wconf 63' lang='lat' dir='ltr'><strong><em>legitur,</em></strong></span> <span class='ocrx_word' id='word_1_368' title='bbox 1580 563 1727 605; x_wconf 78' lang='lat' dir='ltr'><strong><em>pontibus</em></strong></span> 
     </span>
     <span class='ocr_line' id='line_1_70' title="bbox 1063 607 1725 647; baseline 0 -9"><span class='ocrx_word' id='word_1_369' title='bbox 1063 608 1238 646; x_wconf 67' lang='lat' dir='ltr'><strong><em>transjectis</em></strong></span> <span class='ocrx_word' id='word_1_370' title='bbox 1274 608 1496 647; x_wconf 73' lang='lat' dir='ltr'><strong><em>coustmtisque</em></strong></span> <span class='ocrx_word' id='word_1_371' title='bbox 1541 607 1725 646; x_wconf 69' lang='lat' dir='ltr'><strong><em>conjungere</em></strong></span> 
     </span>
     <span class='ocr_line' id='line_1_71' title="bbox 1063 650 1727 687; baseline -0.002 -6"><span class='ocrx_word' id='word_1_372' title='bbox 1063 653 1174 681; x_wconf 76' lang='lat' dir='ltr'><strong><em>turres.</em></strong></span> <span class='ocrx_word' id='word_1_373' title='bbox 1222 650 1326 687; x_wconf 77' lang='lat' dir='ltr'><strong><em>Alibi,</em></strong></span> <span class='ocrx_word' id='word_1_374' title='bbox 1357 651 1387 680; x_wconf 84' lang='lat' dir='ltr'><strong><em>G</em></strong></span> <span class='ocrx_word' id='word_1_375' title='bbox 1421 650 1475 687; x_wconf 78' lang='lat' dir='ltr'><strong><em>vii,</em></strong></span> <span class='ocrx_word' id='word_1_376' title='bbox 1506 652 1560 680; x_wconf 77' lang='lat'><strong><em>22.</em></strong></span> <span class='ocrx_word' id='word_1_377' title='bbox 1604 659 1727 680; x_wconf 78' lang='lat' dir='ltr'><strong><em>murum</em></strong></span> 
     </span>
     <span class='ocr_line' id='line_1_72' title="bbox 1064 691 1724 731; baseline -0.002 -9"><span class='ocrx_word' id='word_1_378' title='bbox 1064 693 1204 723; x_wconf 78' lang='lat' dir='ltr'><strong><em>turribus</em></strong></span> <span class='ocrx_word' id='word_1_379' title='bbox 1219 694 1427 727; x_wconf 73' lang='lat' dir='ltr'><strong><em>contuhuhirc,</em></strong></span> <span class='ocrx_word' id='word_1_380' title='bbox 1446 693 1583 722; x_wconf 81' lang='lat' dir='ltr'><strong><em>videtur</em></strong></span> <span class='ocrx_word' id='word_1_381' title='bbox 1600 691 1724 731; x_wconf 81' lang='lat' dir='ltr'><strong><em>signifi-</em></strong></span> 
     </span>
     <span class='ocr_line' id='line_1_73' title="bbox 1063 734 1726 772; baseline 0 -8"><span class='ocrx_word' id='word_1_382' title='bbox 1063 744 1154 772; x_wconf 82' lang='lat' dir='ltr'><strong><em>care,</em></strong></span> <span class='ocrx_word' id='word_1_383' title='bbox 1178 746 1307 766; x_wconf 80' lang='lat' dir='ltr'><strong><em>mnruni</em></strong></span> <span class='ocrx_word' id='word_1_384' title='bbox 1331 736 1481 766; x_wconf 81' lang='lat' dir='ltr'><strong><em>turribus</em></strong></span> <span class='ocrx_word' id='word_1_385' title='bbox 1499 734 1726 765; x_wconf 58' lang='lat' dir='ltr'><strong><em>contabulatu</em></strong></span> 
     </span>
     <span class='ocr_line' id='line_1_74' title="bbox 1065 786 1213 816; baseline 0.02 -11"><span class='ocrx_word' id='word_1_386' title='bbox 1065 786 1213 816; x_wconf 77' lang='lat' dir='ltr'><strong><em>cingere.</em></strong></span> 
     </span>
    </p>

    <p class='ocr_par' dir='ltr' id='par_1_21' title="bbox 1024 820 1727 1028">
     <span class='ocr_line' id='line_1_75' title="bbox 1024 820 1727 859; baseline 0.003 -10"><span class='ocrx_word' id='word_1_387' title='bbox 1024 820 1196 856; x_wconf 72' lang='lat' dir='ltr'><strong><em>Contegere</em></strong></span> <span class='ocrx_word' id='word_1_388' title='bbox 1217 820 1344 858; x_wconf 77' lang='lat' dir='ltr'><strong><em>scaphas</em></strong></span> <span class='ocrx_word' id='word_1_389' title='bbox 1366 820 1503 850; x_wconf 82' lang='lat' dir='ltr'><strong><em>cratibus</em></strong></span> <span class='ocrx_word' id='word_1_390' title='bbox 1519 823 1546 849; x_wconf 78' lang='lat' dir='ltr'><strong><em>ct</em></strong></span> <span class='ocrx_word' id='word_1_391' title='bbox 1569 821 1684 859; x_wconf 69' lang='lat' dir='ltr'><strong><em>pluteis</em></strong></span> <span class='ocrx_word' id='word_1_392' title='bbox 1700 820 1727 851; x_wconf 91' lang='lat' dir='ltr'>C</span> 
     </span>
     <span class='ocr_line' id='line_1_76' title="bbox 1065 861 1726 901; baseline 0.005 -11"><span class='ocrx_word' id='word_1_393' title='bbox 1065 861 1113 899; x_wconf 89' lang='lat' dir='ltr'><strong><em>iii,</em></strong></span> <span class='ocrx_word' id='word_1_394' title='bbox 1129 864 1182 892; x_wconf 70' lang='lat'><strong><em>24.</em></strong></span> <span class='ocrx_word' id='word_1_395' title='bbox 1205 864 1367 900; x_wconf 78' lang='lat' dir='ltr'><strong><em>contegere</em></strong></span> <span class='ocrx_word' id='word_1_396' title='bbox 1383 871 1483 901; x_wconf 74' lang='lat' dir='ltr'><strong><em>nai-cs,</em></strong></span> <span class='ocrx_word' id='word_1_397' title='bbox 1505 872 1571 901; x_wconf 87' lang='lat' dir='ltr'><strong><em>qno</em></strong></span> <span class='ocrx_word' id='word_1_398' title='bbox 1588 863 1726 893; x_wconf 87' lang='lat' dir='ltr'><strong><em>consilio</em></strong></span> 
     </span>
     <span class='ocr_line' id='line_1_77' title="bbox 1064 902 1725 941; baseline 0.002 -7"><span class='ocrx_word' id='word_1_399' title='bbox 1064 902 1136 940; x_wconf 84' lang='lat' dir='ltr'><strong><em>fiat,</em></strong></span> <span class='ocrx_word' id='word_1_400' title='bbox 1166 904 1312 935; x_wconf 67' lang='lat' dir='ltr'><strong><em>traditur</em></strong></span> <span class='ocrx_word' id='word_1_401' title='bbox 1341 904 1417 941; x_wconf 87' lang='lat' dir='ltr'><strong><em>Cii,</em></strong></span> <span class='ocrx_word' id='word_1_402' title='bbox 1442 906 1473 934; x_wconf 77' lang='lat'><strong><em>4.</em></strong></span> <span class='ocrx_word' id='word_1_403' title='bbox 1499 903 1554 934; x_wconf 62' lang='grc' dir='ltr'><strong>(ΣΥ.</strong></span> <span class='ocrx_word' id='word_1_404' title='bbox 1604 905 1725 936; x_wconf 80' lang='lat' dir='ltr'><strong><em>Tectus.</em></strong></span> 
     </span>
     <span class='ocr_line' id='line_1_78' title="bbox 1063 945 1726 986; baseline 0.005 -10"><span class='ocrx_word' id='word_1_405' title='bbox 1063 950 1225 985; x_wconf 72' lang='lat' dir='ltr'><strong><em>contegere</em></strong></span> <span class='ocrx_word' id='word_1_406' title='bbox 1249 957 1337 978; x_wconf 76' lang='grc' dir='ltr'><em>ανπια</em></span> <span class='ocrx_word' id='word_1_407' title='bbox 1367 946 1394 978; x_wconf 93' lang='lat' dir='ltr'>C</span> <span class='ocrx_word' id='word_1_408' title='bbox 1418 946 1453 986; x_wconf 92' lang='lat' dir='ltr'><strong><em>ii,</em></strong></span> <span class='ocrx_word' id='word_1_409' title='bbox 1481 948 1530 977; x_wconf 70' lang='grc'><strong><em>11.</em></strong></span> <span class='ocrx_word' id='word_1_410' title='bbox 1554 945 1608 977; x_wconf 83' lang='lat' dir='ltr'><strong><em>Cf.</em></strong></span> <span class='ocrx_word' id='word_1_411' title='bbox 1635 947 1676 979; x_wconf 88' lang='lat' dir='ltr'><strong><em>B.</em></strong></span> <span class='ocrx_word' id='word_1_412' title='bbox 1694 947 1726 978; x_wconf 91' lang='lat' dir='ltr'>G</span> 
     </span>
     <span class='ocr_line' id='line_1_79' title="bbox 1070 990 1173 1028; baseline 0 -9"><span class='ocrx_word' id='word_1_413' title='bbox 1070 990 1104 1028; x_wconf 90' lang='lat' dir='ltr'><strong><em>ii,</em></strong></span> <span class='ocrx_word' id='word_1_414' title='bbox 1120 993 1173 1021; x_wconf 89' lang='grc'><strong><em>21.</em></strong></span> 
     </span>
    </p>

    <p class='ocr_par' dir='ltr' id='par_1_22' title="bbox 1023 1031 1727 1115">
     <span class='ocr_line' id='line_1_80' title="bbox 1023 1031 1727 1071; baseline 0 -9"><span class='ocrx_word' id='word_1_415' title='bbox 1023 1031 1182 1063; x_wconf 83' lang='lat' dir='ltr'><strong><em>Contendo</em></strong></span> <span class='ocrx_word' id='word_1_416' title='bbox 1204 1033 1250 1063; x_wconf 81' lang='lat' dir='ltr'><strong><em>ire</em></strong></span> <span class='ocrx_word' id='word_1_417' title='bbox 1273 1033 1304 1062; x_wconf 82' lang='lat' dir='ltr'><strong><em>in</em></strong></span> <span class='ocrx_word' id='word_1_418' title='bbox 1327 1032 1426 1063; x_wconf 82' lang='lat' dir='ltr'><strong><em>Iocum</em></strong></span> <span class='ocrx_word' id='word_1_419' title='bbox 1449 1031 1480 1064; x_wconf 89' lang='lat' dir='ltr'>G</span> <span class='ocrx_word' id='word_1_420' title='bbox 1505 1032 1527 1071; x_wconf 87' lang='lat' dir='ltr'><strong><em>i,</em></strong></span> <span class='ocrx_word' id='word_1_421' title='bbox 1554 1034 1608 1064; x_wconf 83' lang='grc'><strong><em>23.</em></strong></span> <span class='ocrx_word' id='word_1_422' title='bbox 1660 1042 1727 1063; x_wconf 87' lang='lat' dir='ltr'><strong><em>con-</em></strong></span> 
     </span>
     <span class='ocr_line' id='line_1_81' title="bbox 1063 1074 1725 1115; baseline 0.002 -11"><span class='ocrx_word' id='word_1_423' title='bbox 1063 1076 1154 1106; x_wconf 80' lang='lat' dir='ltr'><strong><em>tendo</em></strong></span> <span class='ocrx_word' id='word_1_424' title='bbox 1181 1076 1314 1115; x_wconf 62' lang='lat' dir='ltr'><strong><em>aliquid,</em></strong></span> <span class='ocrx_word' id='word_1_425' title='bbox 1345 1074 1482 1106; x_wconf 81' lang='lat' dir='ltr'><strong><em>efficere</em></strong></span> <span class='ocrx_word' id='word_1_426' title='bbox 1511 1075 1587 1106; x_wconf 88' lang='lat' dir='ltr'><strong><em>volo</em></strong></span> <span class='ocrx_word' id='word_1_427' title='bbox 1617 1074 1648 1106; x_wconf 90' lang='lat' dir='ltr'>G</span> <span class='ocrx_word' id='word_1_428' title='bbox 1680 1075 1725 1113; x_wconf 85' lang='lat' dir='ltr'><strong><em>iv,</em></strong></span> 
     </span>
    </p>

    <p class='ocr_par' dir='ltr' id='par_1_23' title="bbox 1022 1159 1480 1198">
     <span class='ocr_line' id='line_1_82' title="bbox 1022 1159 1480 1198; baseline 0.002 -9"><span class='ocrx_word' id='word_1_429' title='bbox 1022 1159 1199 1192; x_wconf 75' lang='lat' dir='ltr'><strong><em>contestari</em></strong></span> <span class='ocrx_word' id='word_1_430' title='bbox 1221 1161 1301 1191; x_wconf 77' lang='lat' dir='ltr'><strong><em>Deos</em></strong></span> <span class='ocrx_word' id='word_1_431' title='bbox 1317 1160 1347 1190; x_wconf 87' lang='lat' dir='ltr'><strong><em>G</em></strong></span> <span class='ocrx_word' id='word_1_432' title='bbox 1366 1160 1411 1198; x_wconf 79' lang='lat' dir='ltr'><strong><em>iv,</em></strong></span> <span class='ocrx_word' id='word_1_433' title='bbox 1427 1162 1480 1191; x_wconf 77' lang='lat'><strong><em>25.</em></strong></span> 
     </span>
    </p>

    <p class='ocr_par' dir='ltr' id='par_1_24' title="bbox 1022 1201 1482 1241">
     <span class='ocr_line' id='line_1_83' title="bbox 1022 1201 1482 1241; baseline 0.002 -10"><span class='ocrx_word' id='word_1_434' title='bbox 1022 1201 1197 1233; x_wconf 68' lang='lat' dir='ltr'><strong><em>Coutexere</em></strong></span> <span class='ocrx_word' id='word_1_435' title='bbox 1212 1204 1300 1241; x_wconf 64' lang='lat' dir='ltr'><strong><em>tigno</em></strong></span> <span class='ocrx_word' id='word_1_436' title='bbox 1318 1204 1348 1233; x_wconf 89' lang='lat' dir='ltr'><strong><em>G</em></strong></span> <span class='ocrx_word' id='word_1_437' title='bbox 1368 1203 1414 1239; x_wconf 79' lang='lat' dir='ltr'><strong><em>iv,</em></strong></span> <span class='ocrx_word' id='word_1_438' title='bbox 1433 1206 1482 1234; x_wconf 88' lang='grc'><strong><em>17.</em></strong></span> 
     </span>
    </p>

    <p class='ocr_par' dir='ltr' id='par_1_25' title="bbox 1022 1244 1729 1326">
     <span class='ocr_line' id='line_1_84' title="bbox 1022 1244 1729 1283; baseline 0.003 -10"><span class='ocrx_word' id='word_1_439' title='bbox 1022 1244 1235 1282; x_wconf 79' lang='lat' dir='ltr'><strong><em>Continenter,</em></strong></span> <span class='ocrx_word' id='word_1_440' title='bbox 1273 1245 1344 1275; x_wconf 82' lang='lat' dir='ltr'><strong><em>sinc</em></strong></span> <span class='ocrx_word' id='word_1_441' title='bbox 1371 1245 1622 1275; x_wconf 74' lang='lat' dir='ltr'><strong><em>intermissione</em></strong></span> <span class='ocrx_word' id='word_1_442' title='bbox 1649 1244 1679 1275; x_wconf 88' lang='lat' dir='ltr'><strong><em>G</em></strong></span> <span class='ocrx_word' id='word_1_443' title='bbox 1706 1245 1729 1283; x_wconf 85' lang='lat' dir='ltr'><strong><em>i,</em></strong></span> 
     </span>
     <span class='ocr_line' id='line_1_85' title="bbox 1065 1288 1237 1326; baseline 0 -8"><span class='ocrx_word' id='word_1_444' title='bbox 1065 1290 1117 1318; x_wconf 85' lang='grc'><strong><em>26.</em></strong></span> <span class='ocrx_word' id='word_1_445' title='bbox 1145 1288 1190 1326; x_wconf 88' lang='lat' dir='ltr'><strong><em>iii,</em></strong></span> <span class='ocrx_word' id='word_1_446' title='bbox 1207 1292 1237 1318; x_wconf 85' lang='lat'><strong><em>5.</em></strong></span> 
     </span>
    </p>

    <p class='ocr_par' dir='ltr' id='par_1_26' title="bbox 1022 1328 1728 1924">
     <span class='ocr_line' id='line_1_86' title="bbox 1022 1328 1727 1370; baseline -0.001 -11"><span class='ocrx_word' id='word_1_447' title='bbox 1022 1331 1200 1360; x_wconf 77' lang='lat' dir='ltr'><strong><em>Continens.</em></strong></span> <span class='ocrx_word' id='word_1_448' title='bbox 1261 1330 1316 1360; x_wconf 81' lang='lat' dir='ltr'><strong><em>Ita</em></strong></span> <span class='ocrx_word' id='word_1_449' title='bbox 1339 1329 1546 1370; x_wconf 72' lang='lat' dir='ltr'><strong><em>simpliciter</em></strong></span> <span class='ocrx_word' id='word_1_450' title='bbox 1574 1328 1727 1369; x_wconf 81' lang='lat' dir='ltr'><strong><em>appellat</em></strong></span> 
     </span>
     <span class='ocr_line' id='line_1_87' title="bbox 1064 1371 1728 1410; baseline -0.005 -6"><span class='ocrx_word' id='word_1_451' title='bbox 1064 1374 1177 1404; x_wconf 72' lang='lat' dir='ltr'><strong><em>Caesar</em></strong></span> <span class='ocrx_word' id='word_1_452' title='bbox 1193 1373 1355 1410; x_wconf 70' lang='lat' dir='ltr'><strong><em>Galliam,</em></strong></span> <span class='ocrx_word' id='word_1_453' title='bbox 1383 1382 1459 1403; x_wconf 80' lang='lat' dir='ltr'><strong><em>cnm</em></strong></span> <span class='ocrx_word' id='word_1_454' title='bbox 1488 1373 1522 1402; x_wconf 90' lang='lat' dir='ltr'><strong><em>in</em></strong></span> <span class='ocrx_word' id='word_1_455' title='bbox 1549 1371 1728 1403; x_wconf 73' lang='lat' dir='ltr'><strong><em>Britannia</em></strong></span> 
     </span>
     <span class='ocr_line' id='line_1_88' title="bbox 1063 1413 1726 1454; baseline -0.003 -9"><span class='ocrx_word' id='word_1_456' title='bbox 1063 1420 1128 1454; x_wconf 86' lang='lat' dir='ltr'><strong><em>est,</em></strong></span> <span class='ocrx_word' id='word_1_457' title='bbox 1165 1425 1306 1454; x_wconf 72' lang='lat' dir='ltr'><strong><em>eamque</em></strong></span> <span class='ocrx_word' id='word_1_458' title='bbox 1351 1415 1533 1445; x_wconf 71' lang='lat' dir='ltr'><strong><em>Bi&#39;itnnnia‘</em></strong></span> <span class='ocrx_word' id='word_1_459' title='bbox 1572 1413 1726 1454; x_wconf 81' lang='lat' dir='ltr'><strong><em>opponit.</em></strong></span> 
     </span>
     <span class='ocr_line' id='line_1_89' title="bbox 1064 1457 1726 1495; baseline -0.002 -8"><span class='ocrx_word' id='word_1_460' title='bbox 1064 1458 1132 1489; x_wconf 79' lang='lat' dir='ltr'><strong><em>vid.</em></strong></span> <span class='ocrx_word' id='word_1_461' title='bbox 1161 1458 1202 1488; x_wconf 78' lang='lat' dir='ltr'><strong><em>ad</em></strong></span> <span class='ocrx_word' id='word_1_462' title='bbox 1230 1459 1261 1487; x_wconf 86' lang='lat' dir='ltr'><strong><em>G</em></strong></span> <span class='ocrx_word' id='word_1_463' title='bbox 1279 1458 1323 1495; x_wconf 77' lang='grc' dir='ltr'><strong><em>ἰν,</em></strong></span> <span class='ocrx_word' id='word_1_464' title='bbox 1351 1460 1452 1487; x_wconf 72' lang='lat' dir='ltr'><strong><em>38.0t</em></strong></span> <span class='ocrx_word' id='word_1_465' title='bbox 1480 1467 1512 1495; x_wconf 79' lang='lat' dir='ltr'><strong><em>v,</em></strong></span> <span class='ocrx_word' id='word_1_466' title='bbox 1531 1459 1582 1487; x_wconf 83' lang='lat'><strong><em>20.</em></strong></span> <span class='ocrx_word' id='word_1_467' title='bbox 1627 1457 1726 1486; x_wconf 84' lang='lat' dir='ltr'><strong><em>conti-</em></strong></span> 
     </span>
     <span class='ocr_line' id='line_1_90' title="bbox 1062 1498 1725 1540; baseline 0 -10"><span class='ocrx_word' id='word_1_468' title='bbox 1062 1510 1138 1530; x_wconf 78' lang='lat' dir='ltr'><strong><em>nens</em></strong></span> <span class='ocrx_word' id='word_1_469' title='bbox 1159 1501 1301 1540; x_wconf 74' lang='lat' dir='ltr'><strong><em>impetus,</em></strong></span> <span class='ocrx_word' id='word_1_470' title='bbox 1338 1499 1517 1530; x_wconf 80' lang='lat' dir='ltr'><strong><em>continuus</em></strong></span> <span class='ocrx_word' id='word_1_471' title='bbox 1547 1499 1577 1530; x_wconf 83' lang='lat' dir='ltr'>G</span> <span class='ocrx_word' id='word_1_472' title='bbox 1596 1498 1652 1536; x_wconf 79' lang='lat' dir='ltr'><strong><em>vii,</em></strong></span> <span class='ocrx_word' id='word_1_473' title='bbox 1671 1500 1725 1530; x_wconf 77' lang='lat'><strong><em>3⁸.</em></strong></span> 
     </span>
     <span class='ocr_line' id='line_1_91' title="bbox 1063 1542 1724 1581; baseline -0.003 -8"><span class='ocrx_word' id='word_1_474' title='bbox 1063 1543 1253 1573; x_wconf 76' lang='lat' dir='ltr'><strong><em>continentes</em></strong></span> <span class='ocrx_word' id='word_1_475' title='bbox 1274 1544 1379 1581; x_wconf 65' lang='lat' dir='ltr'><strong><em>sylae,</em></strong></span> <span class='ocrx_word' id='word_1_476' title='bbox 1402 1542 1571 1572; x_wconf 77' lang='lat' dir='ltr'><strong><em>continuae</em></strong></span> <span class='ocrx_word' id='word_1_477' title='bbox 1595 1545 1724 1571; x_wconf 85' lang='lat' dir='ltr'><strong><em>tractus</em></strong></span> 
     </span>
     <span class='ocr_line' id='line_1_92' title="bbox 1065 1583 1725 1625; baseline -0.003 -10"><span class='ocrx_word' id='word_1_478' title='bbox 1065 1586 1234 1625; x_wconf 74' lang='lat' dir='ltr'><strong><em>sylvarum</em></strong></span> <span class='ocrx_word' id='word_1_479' title='bbox 1264 1586 1295 1615; x_wconf 87' lang='lat' dir='ltr'><strong><em>G</em></strong></span> <span class='ocrx_word' id='word_1_480' title='bbox 1323 1583 1370 1621; x_wconf 79' lang='lat' dir='ltr'><strong><em>iii,</em></strong></span> <span class='ocrx_word' id='word_1_481' title='bbox 1396 1588 1448 1614; x_wconf 73' lang='grc'><strong><em>28.</em></strong></span> <span class='ocrx_word' id='word_1_482' title='bbox 1489 1585 1538 1614; x_wconf 73' lang='lat' dir='ltr'><strong><em>sic</em></strong></span> <span class='ocrx_word' id='word_1_483' title='bbox 1568 1588 1603 1614; x_wconf 86' lang='lat' dir='ltr'><strong><em>et</em></strong></span> <span class='ocrx_word' id='word_1_484' title='bbox 1628 1584 1725 1613; x_wconf 80' lang='lat' dir='ltr'><strong><em>conti-</em></strong></span> 
     </span>
     <span class='ocr_line' id='line_1_93' title="bbox 1063 1626 1728 1667; baseline -0.003 -10"><span class='ocrx_word' id='word_1_485' title='bbox 1063 1631 1169 1658; x_wconf 70' lang='lat' dir='ltr'><strong><em>nentes</em></strong></span> <span class='ocrx_word' id='word_1_486' title='bbox 1182 1628 1307 1667; x_wconf 72' lang='lat' dir='ltr'><strong><em>puiades</em></strong></span> <span class='ocrx_word' id='word_1_487' title='bbox 1335 1628 1363 1657; x_wconf 83' lang='lat' dir='ltr'><strong><em>G</em></strong></span> <span class='ocrx_word' id='word_1_488' title='bbox 1398 1627 1442 1662; x_wconf 67' lang='lat' dir='ltr'><strong><em>xi,</em></strong></span> <span class='ocrx_word' id='word_1_489' title='bbox 1470 1629 1523 1656; x_wconf 86' lang='grc'><strong><em>31.</em></strong></span> <span class='ocrx_word' id='word_1_490' title='bbox 1569 1626 1728 1656; x_wconf 71' lang='lat' dir='ltr'><strong><em>concinens</em></strong></span> 
     </span>
     <span class='ocr_line' id='line_1_94' title="bbox 1054 1668 1725 1710; baseline 0.001 -11"><span class='ocrx_word' id='word_1_491' title='bbox 1054 1669 1198 1708; x_wconf 81' lang='lat' dir='ltr'><strong><em>flummu,</em></strong></span> <span class='ocrx_word' id='word_1_492' title='bbox 1237 1679 1311 1710; x_wconf 65' lang='lat' dir='ltr'><strong><em>quan</em></strong></span> <span class='ocrx_word' id='word_1_493' title='bbox 1355 1679 1420 1698; x_wconf 88' lang='lat' dir='ltr'><strong><em>non</em></strong></span> <span class='ocrx_word' id='word_1_494' title='bbox 1459 1668 1659 1699; x_wconf 80' lang='lat' dir='ltr'><strong><em>intermittit</em></strong></span> <span class='ocrx_word' id='word_1_495' title='bbox 1693 1669 1725 1700; x_wconf 83' lang='grc' dir='ltr'><strong>Ο</strong></span> 
     </span>
     <span class='ocr_line' id='line_1_95' title="bbox 1065 1711 1727 1751; baseline 0.002 -10"><span class='ocrx_word' id='word_1_496' title='bbox 1065 1712 1135 1748; x_wconf 89' lang='lat' dir='ltr'><strong><em>viii,</em></strong></span> <span class='ocrx_word' id='word_1_497' title='bbox 1165 1715 1216 1742; x_wconf 84' lang='lat'><strong><em>15.</em></strong></span> <span class='ocrx_word' id='word_1_498' title='bbox 1262 1712 1347 1742; x_wconf 78' lang='lat' dir='ltr'><strong><em>collis</em></strong></span> <span class='ocrx_word' id='word_1_499' title='bbox 1369 1711 1526 1742; x_wconf 69' lang='lat' dir='ltr'><strong><em>continens</em></strong></span> <span class='ocrx_word' id='word_1_500' title='bbox 1550 1711 1628 1751; x_wconf 80' lang='lat' dir='ltr'><strong><em>ripae</em></strong></span> <span class='ocrx_word' id='word_1_501' title='bbox 1651 1711 1679 1742; x_wconf 87' lang='lat' dir='ltr'>C</span> <span class='ocrx_word' id='word_1_502' title='bbox 1703 1711 1727 1750; x_wconf 84' lang='lat' dir='ltr'><strong><em>i,</em></strong></span> 
     </span>
     <span class='ocr_line' id='line_1_96' title="bbox 1063 1753 1726 1794; baseline -0.002 -10"><span class='ocrx_word' id='word_1_503' title='bbox 1063 1756 1116 1785; x_wconf 70' lang='lat'><strong><em>54.</em></strong></span> <span class='ocrx_word' id='word_1_504' title='bbox 1134 1755 1223 1785; x_wconf 83' lang='lat' dir='ltr'><strong><em>citra</em></strong></span> <span class='ocrx_word' id='word_1_505' title='bbox 1240 1764 1372 1786; x_wconf 86' lang='lat' dir='ltr'><strong><em>onmem</em></strong></span> <span class='ocrx_word' id='word_1_506' title='bbox 1391 1754 1644 1785; x_wconf 80' lang='lat' dir='ltr'><strong><em>dubitationem</em></strong></span> <span class='ocrx_word' id='word_1_507' title='bbox 1660 1753 1726 1794; x_wconf 82' lang='lat' dir='ltr'><strong><em>sig·</em></strong></span> 
     </span>
     <span class='ocr_line' id='line_1_97' title="bbox 1063 1795 1725 1836; baseline 0.002 -11"><span class='ocrx_word' id='word_1_508' title='bbox 1063 1796 1193 1835; x_wconf 87' lang='lat' dir='ltr'><strong><em>nificat,</em></strong></span> <span class='ocrx_word' id='word_1_509' title='bbox 1217 1797 1390 1827; x_wconf 73' lang='lat' dir='ltr'><strong><em>coliaercns</em></strong></span> <span class='ocrx_word' id='word_1_510' title='bbox 1423 1805 1499 1826; x_wconf 92' lang='lat' dir='ltr'><strong><em>cum</em></strong></span> <span class='ocrx_word' id='word_1_511' title='bbox 1516 1796 1602 1836; x_wconf 84' lang='lat' dir='ltr'><strong><em>ripa,</em></strong></span> <span class='ocrx_word' id='word_1_512' title='bbox 1632 1795 1725 1827; x_wconf 85' lang='lat' dir='ltr'><strong><em>ideo—</em></strong></span> 
     </span>
     <span class='ocr_line' id='line_1_98' title="bbox 1063 1838 1726 1880; baseline 0.002 -12"><span class='ocrx_word' id='word_1_513' title='bbox 1063 1849 1130 1879; x_wconf 83' lang='lat' dir='ltr'><strong><em>que</em></strong></span> <span class='ocrx_word' id='word_1_514' title='bbox 1142 1841 1333 1880; x_wconf 77' lang='lat' dir='ltr'><strong><em>contiguus,</em></strong></span> <span class='ocrx_word' id='word_1_515' title='bbox 1354 1839 1496 1870; x_wconf 83' lang='lat' dir='ltr'><strong><em>vicinus.</em></strong></span> <span class='ocrx_word' id='word_1_516' title='bbox 1534 1838 1726 1870; x_wconf 72' lang='lat' dir='ltr'><strong><em>continente-3</em></strong></span> 
     </span>
     <span class='ocr_line' id='line_1_99' title="bbox 1063 1881 1723 1924; baseline 0 -13"><span class='ocrx_word' id='word_1_517' title='bbox 1063 1882 1141 1922; x_wconf 74' lang='lat' dir='ltr'><strong><em>dies,</em></strong></span> <span class='ocrx_word' id='word_1_518' title='bbox 1155 1887 1337 1924; x_wconf 86' lang='lat' dir='ltr'><strong><em>sequentes</em></strong></span> <span class='ocrx_word' id='word_1_519' title='bbox 1362 1881 1524 1922; x_wconf 86' lang='lat' dir='ltr'><strong><em>deinceps</em></strong></span> <span class='ocrx_word' id='word_1_520' title='bbox 1542 1881 1573 1912; x_wconf 89' lang='lat' dir='ltr'><strong><em>G</em></strong></span> <span class='ocrx_word' id='word_1_521' title='bbox 1600 1881 1647 1921; x_wconf 88' lang='lat' dir='ltr'><strong><em>iii,</em></strong></span> <span class='ocrx_word' id='word_1_522' title='bbox 1669 1884 1723 1912; x_wconf 74' lang='lat'><strong><em>84.</em></strong></span> 
     </span>
    </p>

    <p class='ocr_par' dir='ltr' id='par_1_27' title="bbox 1022 1924 1726 2774">
     <span class='ocr_line' id='line_1_100' title="bbox 1022 1924 1725 1964; baseline 0 -10"><span class='ocrx_word' id='word_1_523' title='bbox 1022 1925 1199 1964; x_wconf 78' lang='lat' dir='ltr'><strong><em>Continere‚</em></strong></span> <span class='ocrx_word' id='word_1_524' title='bbox 1214 1925 1376 1956; x_wconf 68' lang='lat' dir='ltr'><strong><em>coercere</em></strong></span> <span class='ocrx_word' id='word_1_525' title='bbox 1392 1925 1424 1956; x_wconf 87' lang='lat' dir='ltr'><strong><em>G</em></strong></span> <span class='ocrx_word' id='word_1_526' title='bbox 1442 1924 1512 1963; x_wconf 89' lang='lat' dir='ltr'><strong><em>viii,</em></strong></span> <span class='ocrx_word' id='word_1_527' title='bbox 1529 1926 1562 1962; x_wconf 83' lang='lat'><strong><em>2,</em></strong></span> <span class='ocrx_word' id='word_1_528' title='bbox 1577 1926 1632 1955; x_wconf 68' lang='lat'><strong><em>40.</em></strong></span> <span class='ocrx_word' id='word_1_529' title='bbox 1655 1933 1725 1954; x_wconf 86' lang='lat' dir='ltr'><strong><em>con-</em></strong></span> 
     </span>
     <span class='ocr_line' id='line_1_101' title="bbox 1061 1965 1724 2006; baseline 0 -10"><span class='ocrx_word' id='word_1_530' title='bbox 1061 1967 1170 2006; x_wconf 80' lang='lat' dir='ltr'><strong><em>tineri,</em></strong></span> <span class='ocrx_word' id='word_1_531' title='bbox 1185 1967 1313 1998; x_wconf 81' lang='lat' dir='ltr'><strong><em>includi</em></strong></span> <span class='ocrx_word' id='word_1_532' title='bbox 1331 1968 1359 1998; x_wconf 89' lang='lat' dir='ltr'>G</span> <span class='ocrx_word' id='word_1_533' title='bbox 1381 1967 1442 2005; x_wconf 85' lang='lat' dir='ltr'><strong><em>i,2.</em></strong></span> <span class='ocrx_word' id='word_1_534' title='bbox 1467 1967 1542 2005; x_wconf 87' lang='lat' dir='ltr'><strong><em>Cii,</em></strong></span> <span class='ocrx_word' id='word_1_535' title='bbox 1556 1969 1610 1996; x_wconf 86' lang='grc'><strong><em>23.</em></strong></span> <span class='ocrx_word' id='word_1_536' title='bbox 1646 1965 1724 1996; x_wconf 83' lang='lat' dir='ltr'>Gal-</span> 
     </span>
     <span class='ocr_line' id='line_1_102' title="bbox 1062 2008 1724 2050; baseline -0.002 -11"><span class='ocrx_word' id='word_1_537' title='bbox 1062 2010 1104 2039; x_wconf 77' lang='lat' dir='ltr'><strong><em>lio</em></strong></span> <span class='ocrx_word' id='word_1_538' title='bbox 1131 2009 1308 2039; x_wconf 78' lang='lat' dir='ltr'><strong><em>continetur</em></strong></span> <span class='ocrx_word' id='word_1_539' title='bbox 1323 2010 1458 2050; x_wconf 79' lang='lat' dir='ltr'><strong><em>flumine</em></strong></span> <span class='ocrx_word' id='word_1_540' title='bbox 1483 2010 1541 2039; x_wconf 91' lang='lat' dir='ltr'><strong><em>Oc.</em></strong></span> <span class='ocrx_word' id='word_1_541' title='bbox 1571 2009 1674 2047; x_wconf 67' lang='lat' dir='ltr'><strong><em>Belg„</em></strong></span> <span class='ocrx_word' id='word_1_542' title='bbox 1691 2008 1724 2039; x_wconf 84' lang='lat' dir='ltr'><strong><em>lii</em></strong></span> 
     </span>
     <span class='ocr_line' id='line_1_103' title="bbox 1062 2052 1726 2092; baseline 0.002 -11"><span class='ocrx_word' id='word_1_543' title='bbox 1062 2056 1141 2082; x_wconf 86' lang='lat' dir='ltr'><strong><em>sunt</em></strong></span> <span class='ocrx_word' id='word_1_544' title='bbox 1169 2052 1316 2089; x_wconf 72' lang='lat' dir='ltr'><strong><em>termini,</em></strong></span> <span class='ocrx_word' id='word_1_545' title='bbox 1346 2052 1437 2082; x_wconf 84' lang='lat' dir='ltr'><strong><em>intra</em></strong></span> <span class='ocrx_word' id='word_1_546' title='bbox 1464 2061 1546 2092; x_wconf 83' lang='lat' dir='ltr'><strong><em>quos</em></strong></span> <span class='ocrx_word' id='word_1_547' title='bbox 1573 2056 1638 2089; x_wconf 87' lang='lat' dir='ltr'><strong><em>est,</em></strong></span> <span class='ocrx_word' id='word_1_548' title='bbox 1654 2052 1726 2091; x_wconf 83' lang='lat' dir='ltr'><strong><em>qui-</em></strong></span> 
     </span>
     <span class='ocr_line' id='line_1_104' title="bbox 1061 2093 1725 2133; baseline -0.002 -9"><span class='ocrx_word' id='word_1_549' title='bbox 1061 2094 1124 2124; x_wconf 88' lang='lat' dir='ltr'><strong><em>bus</em></strong></span> <span class='ocrx_word' id='word_1_550' title='bbox 1147 2094 1335 2126; x_wconf 84' lang='lat' dir='ltr'><strong><em>includitur</em></strong></span> <span class='ocrx_word' id='word_1_551' title='bbox 1361 2095 1393 2125; x_wconf 88' lang='lat' dir='ltr'><strong><em>G</em></strong></span> <span class='ocrx_word' id='word_1_552' title='bbox 1418 2094 1440 2133; x_wconf 89' lang='lat' dir='ltr'><strong><em>i,</em></strong></span> <span class='ocrx_word' id='word_1_553' title='bbox 1466 2098 1494 2124; x_wconf 92' lang='lat' dir='ltr'><strong><em>l.</em></strong></span> <span class='ocrx_word' id='word_1_554' title='bbox 1546 2093 1636 2124; x_wconf 73' lang='lat' dir='ltr'><strong><em>Vicus</em></strong></span> <span class='ocrx_word' id='word_1_555' title='bbox 1655 2103 1725 2124; x_wconf 85' lang='lat' dir='ltr'><strong><em>con-</em></strong></span> 
     </span>
     <span class='ocr_line' id='line_1_105' title="bbox 1062 2134 1723 2178; baseline 0.002 -12"><span class='ocrx_word' id='word_1_556' title='bbox 1062 2137 1180 2167; x_wconf 75' lang='lat' dir='ltr'><strong><em>tinetur</em></strong></span> <span class='ocrx_word' id='word_1_557' title='bbox 1209 2136 1422 2178; x_wconf 86' lang='lat' dir='ltr'><strong><em>(includitur,</em></strong></span> <span class='ocrx_word' id='word_1_558' title='bbox 1453 2134 1618 2176; x_wconf 84' lang='lat' dir='ltr'><strong><em>cingitur)</em></strong></span> <span class='ocrx_word' id='word_1_559' title='bbox 1640 2146 1723 2167; x_wconf 86' lang='lat' dir='ltr'><strong><em>mon-</em></strong></span> 
     </span>
     <span class='ocr_line' id='line_1_106' title="bbox 1061 2179 1723 2219; baseline -0.002 -10"><span class='ocrx_word' id='word_1_560' title='bbox 1061 2179 1143 2209; x_wconf 75' lang='lat' dir='ltr'><strong><em>tibus</em></strong></span> <span class='ocrx_word' id='word_1_561' title='bbox 1180 2179 1211 2211; x_wconf 91' lang='lat' dir='ltr'><strong><em>G</em></strong></span> <span class='ocrx_word' id='word_1_562' title='bbox 1252 2179 1299 2219; x_wconf 86' lang='lat' dir='ltr'><strong><em>iii,</em></strong></span> <span class='ocrx_word' id='word_1_563' title='bbox 1337 2182 1367 2210; x_wconf 92' lang='lat'><strong><em>1.</em></strong></span> <span class='ocrx_word' id='word_1_564' title='bbox 1418 2180 1511 2210; x_wconf 78' lang='lat' dir='ltr'><strong><em>Mure</em></strong></span> <span class='ocrx_word' id='word_1_565' title='bbox 1547 2179 1723 2210; x_wconf 78' lang='lat' dir='ltr'><strong><em>continetur</em></strong></span> 
     </span>
     <span class='ocr_line' id='line_1_107' title="bbox 1062 2221 1722 2261; baseline 0 -9"><span class='ocrx_word' id='word_1_566' title='bbox 1062 2222 1226 2261; x_wconf 67' lang='lat' dir='ltr'><strong><em>montibus,</em></strong></span> <span class='ocrx_word' id='word_1_567' title='bbox 1263 2227 1396 2253; x_wconf 81' lang='lat' dir='ltr'><strong><em>montes</em></strong></span> <span class='ocrx_word' id='word_1_568' title='bbox 1434 2226 1513 2253; x_wconf 87' lang='lat' dir='ltr'><strong><em>sunt</em></strong></span> <span class='ocrx_word' id='word_1_569' title='bbox 1550 2221 1593 2252; x_wconf 80' lang='lat' dir='ltr'><strong><em>ad</em></strong></span> <span class='ocrx_word' id='word_1_570' title='bbox 1631 2230 1722 2252; x_wconf 79' lang='lat' dir='ltr'><strong><em>mare</em></strong></span> 
     </span>
     <span class='ocr_line' id='line_1_108' title="bbox 1061 2264 1723 2304; baseline 0 -10"><span class='ocrx_word' id='word_1_571' title='bbox 1061 2265 1285 2296; x_wconf 82' lang='lat' dir='ltr'><strong><em>circumcirca</em></strong></span> <span class='ocrx_word' id='word_1_572' title='bbox 1312 2264 1344 2297; x_wconf 90' lang='lat' dir='ltr'><strong><em>G</em></strong></span> <span class='ocrx_word' id='word_1_573' title='bbox 1371 2265 1417 2304; x_wconf 89' lang='lat' dir='ltr'><strong><em>iv,</em></strong></span> <span class='ocrx_word' id='word_1_574' title='bbox 1443 2267 1498 2295; x_wconf 86' lang='grc'><strong><em>23.</em></strong></span> <span class='ocrx_word' id='word_1_575' title='bbox 1542 2264 1628 2295; x_wconf 86' lang='lat' dir='ltr'><strong><em>Pons</em></strong></span> <span class='ocrx_word' id='word_1_576' title='bbox 1653 2273 1723 2295; x_wconf 87' lang='lat' dir='ltr'><strong><em>con-</em></strong></span> 
     </span>
     <span class='ocr_line' id='line_1_109' title="bbox 1060 2306 1722 2348; baseline -0.002 -10"><span class='ocrx_word' id='word_1_577' title='bbox 1060 2307 1139 2338; x_wconf 73' lang='lat' dir='ltr'><strong><em>tinet</em></strong></span> <span class='ocrx_word' id='word_1_578' title='bbox 1165 2309 1330 2348; x_wconf 72' lang='lat' dir='ltr'><strong><em>oppidum,</em></strong></span> <span class='ocrx_word' id='word_1_579' title='bbox 1353 2307 1463 2348; x_wconf 86' lang='lat' dir='ltr'><strong><em>tangit</em></strong></span> <span class='ocrx_word' id='word_1_580' title='bbox 1487 2306 1664 2347; x_wconf 87' lang='lat' dir='ltr'><strong><em>oppidum,</em></strong></span> <span class='ocrx_word' id='word_1_581' title='bbox 1689 2306 1722 2337; x_wconf 87' lang='lat' dir='ltr'><strong><em>ei</em></strong></span> 
     </span>
     <span class='ocr_line' id='line_1_110' title="bbox 1061 2349 1723 2390; baseline -0.002 -10"><span class='ocrx_word' id='word_1_582' title='bbox 1061 2351 1192 2381; x_wconf 83' lang='lat' dir='ltr'><strong><em>vicinus</em></strong></span> <span class='ocrx_word' id='word_1_583' title='bbox 1217 2355 1270 2382; x_wconf 85' lang='lat' dir='ltr'><strong><em>est</em></strong></span> <span class='ocrx_word' id='word_1_584' title='bbox 1294 2350 1325 2382; x_wconf 91' lang='lat' dir='ltr'><strong><em>G</em></strong></span> <span class='ocrx_word' id='word_1_585' title='bbox 1350 2351 1407 2390; x_wconf 81' lang='lat' dir='ltr'><strong><em>vii,</em></strong></span> <span class='ocrx_word' id='word_1_586' title='bbox 1434 2352 1485 2381; x_wconf 90' lang='lat' dir='ltr'><strong><em>ll.</em></strong></span> <span class='ocrx_word' id='word_1_587' title='bbox 1533 2349 1657 2380; x_wconf 81' lang='lat' dir='ltr'><strong><em>Maluit</em></strong></span> <span class='ocrx_word' id='word_1_588' title='bbox 1673 2353 1723 2380; x_wconf 76' lang='lat' dir='ltr'><strong><em>ta-</em></strong></span> 
     </span>
     <span class='ocr_line' id='line_1_111' title="bbox 1059 2392 1722 2433; baseline -0.003 -10"><span class='ocrx_word' id='word_1_589' title='bbox 1059 2403 1136 2423; x_wconf 85' lang='lat' dir='ltr'><strong><em>men</em></strong></span> <span class='ocrx_word' id='word_1_590' title='bbox 1163 2392 1428 2433; x_wconf 81' lang='lat' dir='ltr'><strong><em>Oudendorpius</em></strong></span> <span class='ocrx_word' id='word_1_591' title='bbox 1453 2392 1486 2422; x_wconf 84' lang='lat' dir='ltr'><strong><em>li.</em></strong></span> <span class='ocrx_word' id='word_1_592' title='bbox 1516 2392 1538 2424; x_wconf 91' lang='lat' dir='ltr'><strong><em>l.</em></strong></span> <span class='ocrx_word' id='word_1_593' title='bbox 1565 2392 1722 2430; x_wconf 77' lang='lat' dir='ltr'><strong><em>continge-</em></strong></span> 
     </span>
     <span class='ocr_line' id='line_1_112' title="bbox 1059 2433 1720 2475; baseline -0.006 -8"><span class='ocrx_word' id='word_1_594' title='bbox 1059 2435 1122 2475; x_wconf 78' lang='lat' dir='ltr'><strong><em>bat,</em></strong></span> <span class='ocrx_word' id='word_1_595' title='bbox 1152 2439 1187 2467; x_wconf 91' lang='lat' dir='ltr'><strong><em>et</em></strong></span> <span class='ocrx_word' id='word_1_596' title='bbox 1219 2436 1438 2467; x_wconf 78' lang='lat' dir='ltr'><strong><em>Rulinkenius</em></strong></span> <span class='ocrx_word' id='word_1_597' title='bbox 1464 2435 1506 2466; x_wconf 82' lang='lat' dir='ltr'><strong><em>ad</em></strong></span> <span class='ocrx_word' id='word_1_598' title='bbox 1538 2435 1624 2465; x_wconf 88' lang='lat' dir='ltr'><strong><em>Vell.</em></strong></span> <span class='ocrx_word' id='word_1_599' title='bbox 1658 2433 1720 2464; x_wconf 73' lang='lat' dir='ltr'><strong><em>Pa-</em></strong></span> 
     </span>
     <span class='ocr_line' id='line_1_113' title="bbox 1059 2475 1719 2519; baseline -0.006 -9"><span class='ocrx_word' id='word_1_600' title='bbox 1059 2482 1146 2510; x_wconf 82' lang='lat' dir='ltr'><strong><em>tere.</em></strong></span> <span class='ocrx_word' id='word_1_601' title='bbox 1171 2488 1203 2519; x_wconf 82' lang='lat' dir='ltr'><strong><em>p.</em></strong></span> <span class='ocrx_word' id='word_1_602' title='bbox 1222 2482 1274 2510; x_wconf 81' lang='grc'><strong><em>12.</em></strong></span> <span class='ocrx_word' id='word_1_603' title='bbox 1319 2478 1603 2519; x_wconf 76' lang='lat' dir='ltr'><strong><em>significationem</em></strong></span> <span class='ocrx_word' id='word_1_604' title='bbox 1630 2475 1719 2506; x_wconf 75' lang='lat' dir='ltr'><strong><em>Lati-</em></strong></span> 
     </span>
     <span class='ocr_line' id='line_1_114' title="bbox 1059 2518 1717 2561; baseline -0.006 -10"><span class='ocrx_word' id='word_1_605' title='bbox 1059 2521 1110 2551; x_wconf 88' lang='lat' dir='ltr'><strong><em>nis</em></strong></span> <span class='ocrx_word' id='word_1_606' title='bbox 1135 2521 1322 2553; x_wconf 85' lang='lat' dir='ltr'><strong><em>inauditam</em></strong></span> <span class='ocrx_word' id='word_1_607' title='bbox 1345 2521 1441 2560; x_wconf 90' lang='lat' dir='ltr'><strong><em>dicit,</em></strong></span> <span class='ocrx_word' id='word_1_608' title='bbox 1464 2521 1492 2552; x_wconf 88' lang='lat' dir='ltr'><strong><em>si</em></strong></span> <span class='ocrx_word' id='word_1_609' title='bbox 1519 2519 1592 2561; x_wconf 86' lang='lat' dir='ltr'><strong><em>quis</em></strong></span> <span class='ocrx_word' id='word_1_610' title='bbox 1618 2518 1717 2548; x_wconf 85' lang='lat' dir='ltr'><strong><em>conti-</em></strong></span> 
     </span>
     <span class='ocr_line' id='line_1_115' title="bbox 1058 2560 1718 2607; baseline -0.008 -13"><span class='ocrx_word' id='word_1_611' title='bbox 1058 2574 1130 2595; x_wconf 84' lang='lat' dir='ltr'><strong><em>nere</em></strong></span> <span class='ocrx_word' id='word_1_612' title='bbox 1145 2564 1394 2606; x_wconf 86' lang='lat' dir='ltr'><strong><em>interpretetur</em></strong></span> <span class='ocrx_word' id='word_1_613' title='bbox 1407 2563 1596 2601; x_wconf 73' lang='lat' dir='ltr'><strong><em>contingere.</em></strong></span> <span class='ocrx_word' id='word_1_614' title='bbox 1605 2602 1612 2607; x_wconf 42' lang='lat'><strong>·</strong></span> <span class='ocrx_word' id='word_1_615' title='bbox 1624 2560 1718 2590; x_wconf 74' lang='lat' dir='ltr'><strong><em>Mons</em></strong></span> 
     </span>
     <span class='ocr_line' id='line_1_116' title="bbox 1057 2607 1716 2648; baseline -0.006 -11"><span class='ocrx_word' id='word_1_616' title='bbox 1057 2607 1193 2638; x_wconf 75' lang='lat' dir='ltr'><strong><em>continet</em></strong></span> <span class='ocrx_word' id='word_1_617' title='bbox 1228 2607 1375 2648; x_wconf 76' lang='lat' dir='ltr'><strong><em>spatium,</em></strong></span> <span class='ocrx_word' id='word_1_618' title='bbox 1410 2609 1567 2644; x_wconf 81' lang='lat' dir='ltr'><strong><em>occupat,</em></strong></span> <span class='ocrx_word' id='word_1_619' title='bbox 1605 2612 1637 2633; x_wconf 87' lang='lat' dir='ltr'><strong><em>m</em></strong></span> <span class='ocrx_word' id='word_1_620' title='bbox 1676 2612 1716 2632; x_wconf 81' lang='lat' dir='ltr'><strong><em>eo</em></strong></span> 
     </span>
     <span class='ocr_line' id='line_1_117' title="bbox 1058 2648 1719 2691; baseline -0.003 -11"><span class='ocrx_word' id='word_1_621' title='bbox 1058 2654 1112 2681; x_wconf 88' lang='lat' dir='ltr'><strong><em>est</em></strong></span> <span class='ocrx_word' id='word_1_622' title='bbox 1149 2650 1181 2682; x_wconf 90' lang='lat' dir='ltr'><strong><em>G</em></strong></span> <span class='ocrx_word' id='word_1_623' title='bbox 1220 2651 1242 2691; x_wconf 83' lang='lat' dir='ltr'><strong><em>i,</em></strong></span> <span class='ocrx_word' id='word_1_624' title='bbox 1273 2653 1325 2681; x_wconf 82' lang='grc'><strong><em>38.</em></strong></span> <span class='ocrx_word' id='word_1_625' title='bbox 1386 2649 1497 2687; x_wconf 75' lang='lat' dir='ltr'><strong><em>Agger</em></strong></span> <span class='ocrx_word' id='word_1_626' title='bbox 1540 2655 1600 2676; x_wconf 71' lang='lat' dir='ltr'><strong><em>non</em></strong></span> <span class='ocrx_word' id='word_1_627' title='bbox 1635 2648 1719 2684; x_wconf 65' lang='lat' dir='ltr'><strong><em>potet</em></strong></span> 
     </span>
     <span class='ocr_line' id='line_1_118' title="bbox 1056 2688 1716 2730; baseline -0.009 -8"><span class='ocrx_word' id='word_1_628' title='bbox 1056 2693 1206 2724; x_wconf 75' lang='lat' dir='ltr'><strong><em>contineri</em></strong></span> <span class='ocrx_word' id='word_1_629' title='bbox 1233 2693 1344 2724; x_wconf 73' lang='lat' dir='ltr'><strong><em>altiore</em></strong></span> <span class='ocrx_word' id='word_1_630' title='bbox 1364 2700 1456 2730; x_wconf 80' lang='lat' dir='ltr'><strong><em>aqua,</em></strong></span> <span class='ocrx_word' id='word_1_631' title='bbox 1492 2688 1614 2720; x_wconf 78' lang='lat' dir='ltr'><strong><em>durare</em></strong></span> <span class='ocrx_word' id='word_1_632' title='bbox 1652 2697 1716 2717; x_wconf 83' lang='lat' dir='ltr'><strong><em>non</em></strong></span> 
     </span>
     <span class='ocr_line' id='line_1_119' title="bbox 1057 2730 1713 2774; baseline -0.012 -8"><span class='ocrx_word' id='word_1_633' title='bbox 1057 2740 1184 2774; x_wconf 74' lang='lat' dir='ltr'><strong><em>potest,</em></strong></span> <span class='ocrx_word' id='word_1_634' title='bbox 1201 2745 1275 2766; x_wconf 81' lang='lat' dir='ltr'><strong><em>cum</em></strong></span> <span class='ocrx_word' id='word_1_635' title='bbox 1293 2734 1392 2764; x_wconf 80' lang='lat' dir='ltr'><strong><em>altior</em></strong></span> <span class='ocrx_word' id='word_1_636' title='bbox 1409 2741 1496 2772; x_wconf 74' lang='lat' dir='ltr'><strong><em>aqua</em></strong></span> <span class='ocrx_word' id='word_1_637' title='bbox 1513 2735 1565 2761; x_wconf 83' lang='lat' dir='ltr'><strong><em>est</em></strong></span> <span class='ocrx_word' id='word_1_638' title='bbox 1582 2732 1608 2760; x_wconf 66' lang='lat'><strong><em>(¹</em></strong></span> <span class='ocrx_word' id='word_1_639' title='bbox 1624 2730 1645 2767; x_wconf 83' lang='lat' dir='ltr'><strong><em>i,</em></strong></span> <span class='ocrx_word' id='word_1_640' title='bbox 1661 2734 1713 2759; x_wconf 79' lang='grc'><strong><em>25.</em></strong></span> 
     </span>
    </p>
   </div>
  </div>
 </body>
</html>
