1872 3104
239 173 353 216 1938
716 182 760 212 c,
791 182 829 212 J.
861 176 1078 211 cAEsAms
1110 178 1240 209 vri-A.

240 280 468 324 ἐτελεύτησε.
519 276 601 323 Τὴν
619 278 690 327 μὲν
710 275 903 313 ’Ῑουλίιιν9
933 274 1004 324 βίᾳ
1031 282 1101 312 τῶν
1116 272 1315 324 δημάρχων
1336 272 1523 322 ᾴράμενον
1543 271 1583 308 τὸ
1603 273 1695 315 πλῆ-

241 344 301 380 θος
321 344 371 380 εἰς
389 342 429 379 τὸ
439 339 594 390 ”Αρειον
613 343 746 388 ἤνεγκε·
764 337 905 384 πεδίον,
928 340 1028 375 κάκεῖ
1050 337 1264 383 κηδευθεῖσα
1285 341 1412 373 κεῖται.

769 529 804 570 C
819 527 861 569 Α
876 529 928 571 Ρ,
973 528 1168 569 XXIV.

243 636 407 669 Exercitu
420 635 455 666 in
471 635 660 675 complures
677 640 790 674 partes
807 635 1001 675 hyematum
1018 634 1139 673 diviso,
1155 633 1358 673 Caesareque
1376 632 1409 661 in
1422 630 1556 662 Italiam
1570 628 1698 661 reverti

286 688 459 729 cupiente,
481 687 647 717 rebellant
666 686 769 725 Gaui,
793 687 941 727 aliosque
970 687 1197 717 Romanorum
1221 685 1371 724 caedunt,
1387 683 1459 715 aliis
1485 683 1636 724 graviter
1652 682 1699 712 in-

285 744 391 781 stant,
403 740 512 771 donec
528 748 548 770 a
563 739 697 770 Caesare
712 747 849 768 reverso
863 739 1058 777 vincuntur,
1074 748 1103 768 a.
1123 738 1202 769 Chr.
1219 748 1250 769 n.
1265 741 1318 769 54.

295 843 372 881 Τοῦ
405 841 445 880 δὲ
478 842 665 889 Καίσαρος
693 841 867 887 μεγάλην
900 838 966 885 ἤδη
996 841 1062 883 τὴν
1091 838 1248 887 δύναμιν
1272 836 1387 874 οὖσαν
1410 840 1459 874 εἰς
1477 839 1599 874 πολλὰ
1627 838 1702 873 κατ’

244 908 413 960 ἀνάγκην
427 910 437 926 ¹
461 904 638 957 χειμάδια
658 904 857 948 διελόντος,
879 907 989 941 αὑτοῦ
1021 902 1060 940 δὲ
1094 903 1178 950 πρὸς
1197 905 1262 947 τὴν
1280 902 1459 943 Ἰταλίαν,
1482 902 1604 946 ὥσπερ
1623 900 1703 936 eid,-

245 974 313 1016 θει,
334 971 598 1020 τραπομένου,’“
618 969 740 1004 πάντα
761 968 831 1017 μὲν
851 964 949 1003 αὖθις
971 965 1224 1017 ἀνερρήγνυτο
1248 967 1293 1002 τὰ
1324 972 1394 1002 τῶν
1426 962 1623 1007 Γαλατῶν,
1645 963 1703 998 καὶ

246 1035 395 1083 στρατοὶ
413 1034 573 1082 μεγάλοι
593 1031 805 1079 περιϊόντες,
825 1031 1016 1074 ἐξέκοπτον
1050 1032 1094 1066 τὰ
1126 1027 1321 1079 χειμάδια,
1344 1030 1401 1064 καὶ
1421 1031 1702 1077 προσεμάχοντο

245 1101 318 1134 τοῖς
337 1096 582 1147 χαρακώμασι
603 1099 676 1131 τοῖς
700 1092 910 1142 Ῥωμαίων.
965 1091 1016 1130 Οἱ
1049 1090 1091 1128 δὲ
1128 1095 1296 1129 πλεῖστοι
1331 1093 1388 1128 καὶ
1419 1092 1601 1139 κράτιστοι
1632 1096 1704 1126 τῶν

246 1160 488 1197 ἀποστάντων
524 1159 600 1207 μετ’
633 1154 904 1206 Ἀμβιόριγος3
940 1155 1088 1193 Κότταν
1119 1156 1190 1204 μὲν
1223 1157 1320 1206 αὐτῷ
1368 1153 1597 1204 στρατοπέδῳ
1645 1155 1704 1189 καὶ

246 1223 439 1271 Τιτούριον
464 1220 686 1271 διέφθειραν·
715 1220 754 1256 τὸ
785 1217 825 1255 δὲ
861 1219 928 1256 ὑπὸ
962 1217 1171 1267 Κικέρωνι4
1201 1222 1330 1268 τάγμα
1358 1218 1531 1267 μυριάσιν
1549 1219 1587 1262 ἓξ
1604 1231 1704 1265 περι·

249 1287 402 1336 σχόντες
431 1285 681 1332 ἐπολιόρκουν,
713 1284 773 1318 καὶ
801 1282 929 1331 μικρὸν
949 1283 1133 1318 ἀπέλιπον
1153 1283 1327 1333 ᾑρηκέναι
1357 1284 1447 1318 κατὰ
1468 1281 1604 1329 κράτος,
1625 1295 1708 1316 συν-

247 1351 483 1397 τετρωμένων
499 1348 707 1390 ἁπάντων,5
745 1347 803 1382 καὶ
831 1347 932 1394 παρὰ
965 1344 1122 1395 δύναμιν
1144 1345 1210 1381 ὑπὸ
1234 1347 1432 1393 προθυμίας
1451 1346 1707 1393 ἀμυνομένων.

247 1411 308 1449 Ὡς
328 1410 358 1448 δ’
378 1413 526 1459 ἠγγέλη
546 1415 660 1448 ταῦτα
692 1413 741 1460 τῷ
772 1410 940 1458 Καίσαρι
959 1410 1104 1458 μακρὰν
1125 1409 1218 1452 ὄντι,
1239 1411 1380 1458 ταχέως
1407 1407 1628 1455 ἐπιστρέψας
1648 1409 1707 1443 καὶ

250 1477 480 1522 συναγαγὼν
513 1475 810 1523 ἑπτακισχιλίους
843 1472 923 1509 τοὺς
954 1472 1182 1520 σύμπαντας,
1212 1474 1390 1518 ἠπείγετο
1423 1470 1487 1506 τὸν
1516 1470 1707 1518 Κικέρωνα

249 1544 309 1581 τῆς
341 1541 550 1585 πολιορκίας
586 1538 876 1585 ἐξαιρησόμενος.
929 1534 1023 1572 Τοὺς
1061 1534 1101 1572 δὲ
1140 1537 1419 1584 πολιορκοῦντας
1457 1535 1518 1569 οὐκ
1555 1535 1706 1577 ἔλαθεν,

250 1602 336 1637 ἀλλ’
371 1603 544 1645 ἀπήντων
582 1603 625 1636 ὡς
659 1602 975 1648 ἀναρπασόμενοι,
1011 1608 1071 1643 τῆς
1105 1600 1316 1644 ὀλιγότητος
1352 1597 1707 1646 καταφρονήσαντες.

251 1663 430 1700 Κάκεῖνος
450 1664 642 1708 ἐξαπατῶν
662 1664 868 1713 ὑπέφευγεν
887 1664 959 1706 ἀεὶ,
982 1665 1039 1699 καὶ
1069 1666 1186 1712 χωρία
1215 1660 1349 1708 λαβὼν
1368 1658 1581 1704 ἐπιτηδείως
1601 1660 1707 1709 ἕχον-

251 1742 297 1763 τα
327 1726 413 1775 πρὸς
443 1724 602 1762 πολλοῦς
631 1730 834 1776 μαχομένῳ
859 1728 937 1773 μετ’
957 1727 1110 1772 ὀλίγων,
1131 1728 1337 1774 φράγνυται
1359 1721 1620 1771 στρατόπεδον·
1650 1725 1709 1759 καὶ

251 1789 374 1840 μάχης
394 1789 485 1838 ἔσχε
506 1787 586 1824 τοῦς
607 1789 736 1824 ἑαυτοῦ
757 1792 886 1834 πάσης,
909 1791 1124 1835 ἀναγαγεῖν
1145 1785 1187 1823 δὲ
1207 1786 1270 1823 τὸν
1298 1787 1444 1836 χάρακα
1470 1787 1527 1822 καὶ
1557 1787 1620 1823 τὰς
1645 1785 1710 1822 πυ·

252 1854 322 1888 λας
353 1849 620 1901 ἀνοικοδομεῖν,
643 1854 688 1888 ὡς
716 1849 934 1896 δεδοικότας,
970 1851 1175 1898 ἠνάγκαξε,
1205 1852 1521 1900 καταφρονηθῆναι
1559 1865 1710 1898 στρατη-

917 1966 1055 1998 NOTAE

297 2051 317 2079 9
339 2048 401 2085 Τὴν
411 2047 467 2086 μὲν
478 2047 588 2088 Ἰουλ.]
610 2049 703 2080 Malo
721 2058 795 2079 cum
821 2049 860 2081 C.
876 2050 955 2080 Vat.

254 2098 312 2137 τὴν
325 2098 381 2138 μὲν
393 2097 444 2130 οὖν
461 2098 603 2131 Ἰουλίαν.

301 2202 317 2230 1
343 2198 421 2229 Κατ’
439 2198 591 2239 ἀνάγκην]
611 2199 711 2232 Quod
728 2209 768 2230 eo
783 2209 869 2229 anno
886 2198 955 2230 fru-

255 2257 405 2281 mentum
423 2249 454 2279 in
476 2250 588 2282 Gallia
617 2255 759 2290 propter
780 2250 953 2280 siccitates

256 2298 430 2339 angustius
470 2303 684 2338 provenerat,
714 2303 851 2330 coactus
881 2304 955 2329 erat

257 2348 384 2387 Caesar,
417 2349 577 2388 legiones,
610 2358 750 2389 quarum
783 2353 851 2378 tum
877 2353 954 2378 octo

256 2398 416 2437 habebat,
443 2400 474 2429 in
515 2400 628 2439 plures
660 2399 814 2429 civitates
844 2399 955 2429 distri-

257 2448 373 2481 buere.
418 2449 470 2480 Cf.
489 2450 604 2481 Caesar
621 2458 653 2479 v.
670 2452 700 2480 8,
718 2454 753 2479 et
766 2452 817 2479 24.

300 2502 320 2529 2
342 2497 550 2539 Τραπομένου]
575 2497 733 2529 Nondum
749 2508 827 2528 vero
844 2498 957 2529 Gallia

259 2557 416 2589 egressus
434 2554 519 2579 erat.

302 2600 320 2627 3
345 2597 420 2627 Μετ’
435 2595 642 2638 Ἀμβιόριγος]
669 2597 724 2628 Sic
754 2596 856 2627 malui
879 2606 956 2627 cum

260 2644 342 2676 Cod.
360 2646 468 2677 Auon.
486 2657 546 2688 pro
566 2645 774 2687 Ἀβριόρηγος.
821 2646 958 2678 Ambio-

260 2695 312 2726 rix
331 2700 366 2726 et
385 2696 580 2727 Cativolcus
603 2702 770 2738 praeerant
792 2696 956 2727 Eburoni-

1011 2048 1085 2087 bus,
1102 2057 1242 2088 quorum
1268 2057 1345 2088 pars
1369 2048 1511 2079 maxima
1531 2048 1619 2079 inter
1635 2048 1709 2080 Mo-

1010 2109 1080 2129 sam
1097 2105 1132 2129 et
1152 2099 1303 2129 Rhenum
1321 2104 1406 2130 erat.
1451 2099 1490 2128 In
1511 2099 1570 2128 hos
1595 2099 1710 2129 Caesar

1009 2150 1053 2182 Q.
1069 2148 1235 2179 Titurium
1262 2149 1422 2178 Sabinum
1452 2154 1486 2179 et
1513 2149 1552 2180 L.
1578 2148 1710 2180 Aurun-

1009 2198 1153 2229 culeium
1172 2199 1306 2229 Cottam
1333 2199 1462 2238 legatos
1480 2208 1556 2229 cuin
1575 2199 1709 2239 legione

1009 2253 1044 2278 et
1061 2248 1208 2289 quinque
1226 2248 1421 2278 cohortibus
1437 2248 1630 2288 hyematum
1650 2247 1709 2278 mi-

1010 2302 1110 2327 nerat.
1151 2298 1205 2328 De
1223 2306 1364 2337 quorum
1382 2297 1523 2327 interitu
1541 2297 1607 2328 vid.
1624 2297 1711 2331 Caes.

1009 2357 1042 2380 v.
1059 2350 1199 2378 ’ἐϋ-37.
1216 2352 1250 2378 et
1270 2347 1332 2377 Dio
1351 2348 1486 2378 Cassius
1501 2350 1555 2387 40,
1569 2350 1688 2379 4-11.

1052 2400 1071 2428 4
1093 2396 1167 2427 *Ὑπὸ
1198 2395 1313 2436 Κικέρς]
1346 2398 1387 2429 Q.
1418 2397 1537 2427 Cicero
1565 2407 1638 2428 cum
1665 2397 1710 2427 le-

1011 2448 1108 2487 gione
1137 2447 1169 2476 in
1197 2447 1332 2477 ,Nm-viis
1348 2446 1542 2486 hyemabat‚
1558 2447 1599 2476 de
1615 2446 1709 2486 cujus

1013 2498 1162 2538 periculo
1180 2497 1245 2527 vid.
1265 2498 1350 2528 Caes.
1365 2506 1397 2526 v.
1414 2499 1551 2527 38—-49,

1054 2551 1072 2577 5
1095 2545 1266 2586 Ἁπάντων]
1289 2546 1426 2577 Invenit
1449 2549 1566 2585 postea
1583 2544 1709 2585 Caesar,

1013 2607 1078 2628 non
1096 2597 1262 2628 decimum
1278 2605 1444 2637 quemque
1459 2603 1531 2626 esse
1552 2594 1708 2629 relictum

1014 2647 1156 2678 militem
1172 2647 1243 2678 sine
1259 2646 1407 2677 vulnere,
