1872 3104
265 190 379 232 1906
733 203 774 234 c,
806 203 842 234 J.
875 202 1091 233 cAESAnxs
1124 203 1255 234 vrrA.

267 303 421 349 κράτησε
433 298 592 343 Σύλλας,
606 300 677 336 οὔτ’
693 300 856 344 ἐλπίσιν,
871 301 953 336 οὔτε
969 298 1071 350 φόβῳ
1085 297 1247 345 δυνηθεὶς
1262 300 1482 337 ἀποσπάσαι
1496 297 1723 344 Καίσαρος,”

266 361 448 414 ἐδήμευσε
480 367 546 408 τὴν
577 367 713 414 φερνὴν
744 366 883 409 aiii-ijs}
941 364 1056 401 Αἰτιίι
1088 363 1128 401 δὲ
1161 366 1326 409 Καίσαρι
1359 371 1419 408 τῆς
1450 365 1536 412 πρὸς
1569 362 1720 399 Σύλλαν

265 429 482 479 ἀπεχθείας,
504 431 523 471 ἡ
544 431 629 476 πρὸς
648 428 796 477 λΙάριον
817 430 988 473 οἰκειότης
1021 427 1078 472 ἦν.
1135 427 1270 476 Ἰουλίᾳ
1297 432 1381 476 γὰρ,
1417 429 1550 476 πατρὸς
1577 425 1720 478 ἀδελφῇ

265 493 469 541 Καίσαρος,
492 493 510 527 ὑ
531 491 776 541 πρεσβύτερος
792 495 945 544 συνῴκει
965 491 1119 542 ᾺῙίιριος,
1138 495 1175 538 ἐξ
1190 492 1226 537 ἧς
1241 495 1413 540 ἐγεγόνει
1433 493 1573 539 Μιίριος
1594 492 1612 527 ὁ
1635 491 1721 527 νεώ-

264 571 376 602 τερος,
396 555 546 602 ἀνεψιὸς
576 558 626 590 ὢν
654 555 857 605 Καίσαρος.
911 555 971 592 Ὠς
997 555 1024 592 δ’
1050 557 1120 593 ὑπὸ
1148 560 1309 601 πλήθους
1337 558 1457 605 ψύιων
1478 557 1519 592 ἑν
1539 558 1638 606 ἀρχῇ
1660 556 1719 591 καὶ

264 618 307 656 δι’
338 621 525 669 ἀσχολίας
557 619 625 655 ὑπὸ
653 619 781 656 Σύλλα
813 624 1067 669 παρορώμενος
1104 622 1166 656 οὐκ
1203 624 1411 667 ἠγάπησεν,
1446 622 1548 656 ἀλλὰ
1584 621 1720 668 μετιὼν

473 679 491 700 ⁴
519 684 570 718 εἰς
590 682 652 718 τὸν
672 680 788 731 δῆμον
809 685 1030 731 προσῆλθεν,
1051 684 1149 720 οὔπω
1170 687 1267 720 πάνυ
1287 687 1476 733 μειράκιον
1505 685 1568 727 ὢν,
1589 682 1721 726 ταύτης

266 683 463 731 ἱερωσύνην

264 748 334 795 μὲν
355 746 527 782 ἐκπεσεῖν
549 745 660 782 αὑτὸν
689 746 970 782 ὑπεναντιωθεὶς
995 747 1140 784 Σύλλας
1168 748 1436 796 παρεσκεύασε·
1467 748 1547 795 περὶ
1567 745 1595 782 δ’
1615 748 1723 783 ἀναι-

261 813 394 857 ρέσεως
412 807 700 858 βουλευόμενος,
721 810 829 845 ἐνίων
848 810 1051 855 λεγόντων,
1074 813 1118 845 ὡς
1139 812 1201 846 οὐκ
1221 812 1301 861 ἔχοι
1322 813 1439 857 λόγον
1456 810 1723 848 ἀποκτιννύναι

263 872 380 909 παῖδα
401 876 626 918 τηλικοῦτον,
650 875 712 909 οὐκ
727 873 795 921 ἔφη
814 880 900 908 νοῦν
920 874 1026 924 ἔχειν
1042 871 1183 917 αὐτούς,
1201 876 1232 909 εἰ
1248 876 1298 922 μὴ
1315 872 1473 910 πολλοὺς
1491 875 1531 909 ἐν
1553 877 1601 924 τῷ
1617 871 1722 910 παιδὶ

262 936 373 987 τούτῳ
393 935 558 984 ΒῘαρίους
577 938 758 985 ἐνορῶσι.5
815 935 960 981 Ταύτης
980 942 1039 979 τῆς
1059 944 1178 986 φωνῆς
1193 938 1409 986 ἐνεχθείσης
1424 936 1509 984 πρὸς
1527 937 1719 986 Καίσαρα,

265 1000 405 1050 συχνὸν
422 1005 493 1049 μέν
512 1016 594 1037 τινα
624 1002 762 1050 χρόνον
792 1000 1033 1049 πλανώμενος
1046 997 1062 1021 ⁶
1095 1001 1135 1036 ἐν
1164 998 1337 1046 Σαβίνοις
1372 1002 1545 1036 ἔκλεπτεν
1577 1001 1720 1037 ἑαυτόν·

263 1065 392 1100 ἔπειτα
413 1062 457 1100 δι’
475 1064 710 1112 ἀῤῥωστίαν7
732 1064 782 1099 εἷς
802 1065 922 1099 οἰκίαν
942 1063 1097 1111 ἑτέραν8
1126 1065 1475 1114 μετακομιὲόμενος,
1498 1065 1589 1100 κατὰ
1610 1063 1721 1101 νύκτα

262 1130 470 1176 περιπίπτει
492 1127 727 1176 στρατιώταις
746 1129 808 1162 τοῦ
828 1129 954 1163 ..ύλλα
976 1124 1271 1177 διερευνωμένοις
1293 1129 1415 1165 ἐκεῖνα
1435 1130 1478 1164 τὰ
1499 1130 1633 1179 χωρία,
1663 1128 1721 1163 καὶ

930 1235 1068 1267 NOTAE

305 1299 324 1328 2
340 1296 534 1328 Ἀποσπάσαι
553 1297 661 1339 Koria]
686 1299 730 1330 H.
748 1309 777 1331 e.
796 1299 964 1331 Caesarem

262 1347 467 1386 compellere
492 1358 557 1378 non
575 1349 698 1389 potuit,
721 1354 757 1380 ut
775 1359 847 1380 eam
866 1359 964 1390 repu-

261 1397 383 1430 diaret.
440 1399 642 1439 Pompeium
673 1409 714 1430 eo
744 1401 966 1441 compulerat,

260 1452 298 1478 ut
311 1447 497 1479 Antistium
514 1449 714 1488 dimitteret,
726 1451 878 1491 quamvis
891 1451 964 1491 ejus

260 1502 359 1541 pater
376 1503 518 1540 propter
543 1500 742 1540 Pompeium
767 1501 899 1532 occisus
915 1511 964 1532 es-

255 1551 331 1587 'set3
354 1549 464 1589 (Plut.
484 1549 604 1590 Pomp.
621 1551 673 1590 9.)
688 1551 768 1582 item
797 1552 847 1583 M.
869 1552 963 1583 Piso-

260 1598 579 1637 nem‚Consularem
599 1606 636 1631 ut
651 1600 807 1641 Anniam,
822 1610 962 1633 uxorem

259 1647 431 1687 dilectam,
448 1648 565 1679 Cinnae
582 1649 731 1689 viduam,
755 1651 961 1691 repudiaret.

259 1697 383 1728 Vellei.
400 1707 440 1729 n.
457 1701 511 1729 41.
551 1699 700 1731 Nolebat
727 1701 831 1741 igitur
855 1702 961 1742 Sylla,

259 1756 451 1788 quenquam
466 1748 651 1779 amicorum
666 1760 727 1790 per
740 1761 878 1782 uxorem
890 1752 964 1782 hos-

260 1796 343 1827 tium
360 1807 495 1828 suorum
513 1799 738 1840 propinquum
755 1810 840 1832 csse.

302 1850 320 1879 3
342 1847 448 1885 Ἐδήμ..
463 1848 521 1885 τὴν
536 1849 663 1889 φερνὴν]
686 1851 738 1881 Ex
755 1856 868 1882 mente
884 1852 964 1883 Plu-

258 1897 365 1928 tarchi
386 1903 421 1929 et
442 1899 595 1929 Suetonii
613 1900 684 1931 haec
703 1911 803 1940 poena
818 1902 963 1933 arbitra-

258 1947 309 1977 ria
325 1946 399 1978 fuit.
424 1949 476 1978 Ex
495 1949 668 1980 Plutarchi
686 1960 767 1981 vero
784 1951 816 1981 iu
834 1953 875 1982 V.
891 1953 963 1992 Syl-

257 1997 297 2028 lae
314 2007 343 2029 c.
362 2001 414 2029 31.
439 1999 566 2029 mulcta
588 1997 718 2031 inflicta
743 2006 794 2031 est
820 2010 861 2031 ex
887 2002 962 2041 lege

259 2049 416 2080 Cornelia
441 2049 483 2080 de
511 2049 778 2091 Prosci-iptione,
803 2061 868 2091 qua
886 2062 960 2091 pro-

256 2099 458 2139 scriptorum
475 2104 510 2130 et
526 2099 625 2131 liberi
642 2105 678 2131 et
694 2107 836 2141 nepotes
866 2101 960 2132 bonis

257 2149 377 2190 patriis
393 2149 625 2189 privabantur.

298 2201 318 2229 4
343 2200 462 2229 Μετιὼν
478 2199 656 2241 ἱερωσύνην]
677 2201 830 2231 Velleius
850 2211 889 2232 11.
907 2205 959 2233 113.

258 2248 388 2288 Caesar,
417 2250 538 2289 inquit,
568 2260 666 2290 paene
695 2260 778 2290 puer
807 2261 825 2281 a
850 2252 960 2283 Mario

257 2297 431 2339 Cinnaque
457 2300 594 2330 Flamen
618 2300 726 2331 Dialis
749 2306 881 2332 creatus
899 2306 959 2332 cst.

256 2347 335 2378 Hoc
351 2347 480 2379 factum
506 2358 579 2379 esse
608 2351 720 2389 potuit
747 2360 777 2380 a.
797 2351 875 2382 Chr.
891 2354 957 2388 86„

256 2397 364 2429 Cinna
381 2399 514 2438 iterum,
532 2400 642 2429 Mario
666 2400 846 2440 septimum
873 2402 958 2432 Con-

255 2448 339 2487 sule,
362 2458 428 2489 quo
455 2459 542 2479 anno
573 2449 702 2479 Marius
729 2450 828 2487 obiit,
843 2450 958 2482 Caesar

255 2501 354 2530 xv¹¹¹¹¹¹
379 2499 491 2530 aetatis
516 2500 598 2539 ogit.
656 2501 745 2531 'sum
769 2511 864 2539 vero,
882 2511 958 2532 cum

256 2554 397 2589 propter
424 2554 560 2581 oetatem
590 2561 655 2581 non
683 2551 958 2591 inauguraretur,

255 2601 345 2638 sylla
358 2601 539 2641 dictatore,
555 2607 684 2632 xlx¹¹¹¹¹¹¹¹
704 2612 826 2633 annum
843 2613 958 2642 agens,

255 2647 287 2679 h.
299 2659 329 2679 e.
346 2650 428 2680 οὔπω
442 2649 521 2681 πάνυ
532 2650 686 2691 μειράκιον
697 2654 779 2693 (quo
794 2652 958 2684 vocabulo

255 2699 458 2730 Plutarchus
488 2702 519 2732 in
546 2702 646 2734 Alex.
674 2713 705 2734 c.
733 2706 764 2734 2.
792 2704 834 2734 (le
856 2709 958 2736 atate

257 2758 360 2784 xxlv-
378 2761 539 2786 annorum
557 2754 680 2795 utitur)
699 2759 816 2795 petere
833 2756 957 2798 potuit,

1021 1306 1058 1330 ut
1083 1300 1365 1337 inauguraretur5
1390 1299 1433 1329 de
1451 1308 1517 1339 qua
1541 1308 1577 1329 re
1601 1298 1627 1328 si
1645 1297 1724 1328 Plu-

1021 1349 1173 1380 tarchum
1188 1349 1439 1388 interpretaris,
1450 1347 1581 1378 Velleio
1597 1351 1633 1378 et
1644 1348 1725 1379 Sue-

1019 1399 1111 1429 tonio
1128 1399 1198 1430 Jul.
1218 1402 1246 1429 1.
1265 1408 1331 1429 uon
1348 1398 1538 1429 contrarius
1555 1403 1616 1429 est.
1651 1398 1723 1430 Pro

1019 1448 1061 1480 εἷς
1076 1448 1132 1479 ’τὸν
1145 1451 1239 1487 δῆμον
1250 1450 1424 1489 προσῆλθεν
1439 1449 1565 1480 Reiske
1579 1453 1637 1480 aut
1649 1449 1724 1489 πρὸς

1019 1500 1089 1541 (vel
1105 1499 1160 1539 ὡς)
1173 1499 1228 1530 τὸν
1251 1501 1278 1531 δ.
1304 1501 1491 1540 προσῆλθεν,
1518 1505 1577 1531 aut
1602 1499 1643 1531 εἷς
1669 1499 1724 1531 τὸν

1019 1551 1088 1588 δῆμ.
1113 1551 1266 1590 προῆλθεν
1290 1550 1468 1590 legendum
1491 1554 1620 1581 censet.
1665 1550 1725 1581 Sa-

1019 1600 1172 1632 cerdotio
1190 1601 1306 1631 Caesar
1325 1601 1486 1630 multatus
1502 1605 1553 1631 est
1571 1604 1606 1631 et
1624 1610 1722 1641 prop-

1020 1656 1074 1681 ter
1091 1649 1290 1681 affinitatem
1307 1660 1381 1682 curn
1399 1650 1510 1681 Mario
1528 1655 1563 1681 et
1579 1650 1621 1681 ob
1637 1652 1723 1683 Cor-

1018 1701 1141 1732 neliam
1159 1710 1224 1731 non
1240 1700 1419 1732 dimissam.

1061 1755 1078 1782 5
1095 1752 1252 1792 Ἔνορῶσι]
1274 1751 1415 1782 Sueton.
1432 1751 1495 1782 hoc
1510 1750 1636 1782 dictum
1650 1761 1722 1782 esse

1018 1800 1125 1832 refert
1141 1811 1159 1832 a
1175 1802 1267 1842 Sylla
1283 1801 1440 1842 precibus
1453 1802 1722 1842 propinquorum

1019 1852 1164 1883 Caesaris
1189 1852 1259 1892 jam
1291 1857 1499 1893 expugnato,
1531 1857 1568 1884 ut
1601 1853 1721 1893 juveni

1019 1901 1224 1941 ignosceret.
1272 1903 1370 1932 Multi
1391 1903 1492 1933 Marii
1507 1902 1538 1933 h.
1555 1912 1584 1933 e.
1603 1901 1722 1942 (inter-

1019 1956 1117 1991 prete
1134 1952 1298 1991 Casaub.)
1323 1952 1490 1992 ingenium
1515 1957 1631 1992 aptum
1649 1953 1721 1983 viro

1017 2002 1191 2041 popularis
1219 2001 1390 2039 factionis,
1419 2002 1554 2033 inimico
1578 2003 1721 2043 optima-

1016 2051 1113 2089 tium,
1131 2051 1229 2092 quale
1246 2051 1309 2082 fuit
1326 2052 1357 2081 in
1376 2052 1509 2082 Mario:
1539 2052 1596 2082 sed
1612 2053 1720 2093 majus

1016 2108 1117 2143 atque
1133 2103 1242 2133 acrius
1259 2105 1364 2134 multo
1381 2113 1480 2144 quam
1502 2104 1573 2144 ipse
1589 2105 1718 2136 Marius

1014 2154 1179 2184 habuerit.

1057 2206 1077 2234 6
1101 2203 1317 2244 Πλανώμενος]
1343 2205 1457 2244 Prope
1487 2213 1547 2244 per
1574 2204 1719 2245 singulas

1016 2257 1132 2285 noctes
1149 2254 1297 2284 latebras
1314 2258 1534 2285 commutans.

1057 2307 1075 2334 7
1101 2305 1146 2334 Δι’
1164 2304 1348 2344 ἀῤῥωστῖαν]
1391 2304 1514 2335 Morbo
1541 2309 1717 2344 quartanae

1014 2360 1235 2394 aggravante.
1282 2354 1718 2394 Casauboniconjecturam

1013 2405 1050 2434 δι’
1081 2404 1250 2443 ἀῤῥωστίας
1286 2405 1318 2435 h.
1359 2415 1389 2435 e.
1425 2405 1587 2444 ἀῤῥωστῶν
1623 2410 1717 2437 recte

1015 2455 1164 2485 Rualdus
1180 2465 1243 2485 non
1258 2463 1374 2486 censet
1389 2455 1624 2486 necessariam.
1638 2456 1716 2488 Jam

1013 2505 1101 2535 enim
1130 2506 1266 2545 vulgata
1293 2510 1417 2535 statum
1447 2505 1570 2545 ipsum,
1593 2505 1625 2535 in
1649 2514 1715 2545 quo

1013 2561 1083 2585 tum
1098 2555 1202 2586 fuerit
1221 2556 1349 2595 Caesar‚
1365 2555 1506 2586 indicari
1521 2567 1528 2593 ;
1556 2564 1620 2586 non
1638 2565 1716 2586 cau-

1013 2616 1094 2645 smn,
1110 2617 1171 2637 cur
1187 2607 1321 2638 domum
1340 2605 1566 2637 commutarit.

1056 2659 1075 2686 8
1097 2654 1238 2696 Ἑτέραν]
1262 2655 1413 2688 Subaudi
1440 2655 1470 2693 ἐξ
1495 2653 1611 2695 ἑτέρας,
1638 2655 1671 2686 ἐν
1697 2654 1716 2698 ᾖ

1012 2705 1089 2738 τέως
1103 2706 1243 2745 ἐλελήθει
1257 2703 1469 2747 κεκρυμμένος.
1499 2706 1626 2738 Reiske.
