1872 3104
233 194 345 236 1974
702 208 744 236 ο.
778 207 815 237 J.
849 207 1066 238 anstais
1100 209 1231 239 νιΤΑ.

233 298 271 335 δὲ
291 297 350 335 διὰ
382 303 446 345 τὴν
479 302 651 339 ὑπόθεσιν
684 309 744 345 τῆς
770 300 990 346 πολιτείας,6
1021 303 1082 340 οὐκ
1115 305 1296 351 (ἰγνοῶν,7
1329 302 1411 341 οὔτε
1442 302 1682 354 βουλόμενος,

234 365 467 411 ἠναγκάὲετο
487 368 645 415 χρῆσθαι
665 370 737 403 τοῖς
759 366 1011 415 ὺπουργοῦσι.8

807 599 842 640 C
858 598 898 640 A
912 599 966 640 P.
1010 600 1114 641 LII.

235 718 319 748 (lato
336 721 371 748 et
387 717 513 758 Scipio,
525 727 601 748 euni
619 719 807 750 exereitum
824 719 858 750 in
872 719 993 751 Africa
1008 727 1277 761 comparassent,
1290 724 1404 754 Caesar
1419 723 1538 755 eodem
1555 723 1691 762 transit,

275 772 322 811 (a.
339 771 420 802 Chr.
438 781 469 802 n.
484 771 551 810 46.)
576 776 611 802 et
639 776 780 812 propter
794 774 967 804 oraculum
985 775 1169 814 quoddam,
1188 776 1383 816 Scipionum
1401 783 1536 816 gentem
1554 786 1689 817 semper

277 824 309 854 in
334 823 452 856 Africa
479 825 687 865 superiorem
713 825 799 864 fore,
826 826 1020 867 Scipionem
1047 828 1282 867 Sallutionem,
1306 830 1447 860 militem
1474 839 1688 870 sunm,saepe

275 881 394 908 contra
420 877 533 909 hostes
560 878 678 909 mittit.
731 878 799 910 Sed
828 878 988 910 frumenti
1016 887 1292 922 commeatusque
1325 882 1439 922 iuopia
1467 891 1603 922 pressus
1632 882 1691 912 ali-

275 930 408 971 quando
426 934 538 962 castra
554 941 612 962 sua
629 941 725 973 paene
743 938 857 973 capta,
872 933 1129 974 exercitumque
1147 944 1244 974 ptene
1260 934 1412 974 fugatum
1431 935 1583 966 vidisset.

285 1070 372 1109 Τῶν
392 1069 433 1108 δὲ
453 1073 533 1120 περὶ
554 1073 716 1109 Κάτωνα
736 1074 794 1110 καὶ
813 1072 998 1110 Σκιπίωνα
1028 1077 1123 1124 μετὰ
1142 1077 1208 1120 τὴν
1228 1076 1269 1111 ἐν
1288 1075 1470 1125 Φαρσάλῳ
1489 1075 1619 1125 μάχην
1641 1075 1691 1112 εἷς

234 1133 390 1181 Λιβύην
421 1137 626 1186 φυγόντων,
662 1138 778 1182 κάκεῖ,
812 1142 874 1175 τοῦ
905 1137 1097 1186 βασιλέως
1131 1138 1235 1186 Ἰόβα
1254 1142 1263 1160 ¹
1304 1138 1524 1186 βοηθοῦντος
1556 1141 1693 1182 αὐτοῖς,

235 1200 450 1246 ἠθροικότων
467 1197 638 1250 δυνάμεις
658 1201 904 1249 &Stolo-sous?
924 1203 1020 1250 ἔγνω
1042 1203 1254 1250 στρατεύειν
1273 1204 1291 1238 ὁ
1313 1203 1464 1251 Καῖσαρ
1478 1204 1533 1239 ἐπ’
1548 1202 1689 1239 αὐτούς·

234 1264 293 1299 καὶ
313 1264 394 1312 περὶ
413 1265 545 1311 τροπὰς
564 1267 777 1314 χειμερινὰς
798 1264 933 1311 διαβὰς
952 1269 1001 1303 εἰς
1021 1266 1213 1309 Σικελίαν,
1241 1268 1299 1302 καὶ
1331 1265 1558 1316 βουλόμενος
1589 1263 1693 1302 εὒθῦς

233 1327 420 1371 ἀποκόψαι
453 1334 526 1365 τῶν
556 1330 637 1377 περὶ
672 1328 785 1365 αὑτὸν
814 1330 1010 1378 ἡγεμόνων
1044 1331 1200 1366 ἅπασαν
1230 1328 1368 1366 ἐλπίδα
1393 1331 1609 1379 μελλήσεως
1633 1329 1691 1366 καὶ

234 1388 436 1439 διατριβῆς,
458 1391 518 1428 ἐπὶ
538 1399 600 1428 τοῦ
621 1391 825 1442 κλύσματος
840 1394 853 1415 ³
875 1394 982 1440 ἔπηξε
1002 1395 1067 1439 τὴν
1083 1395 1214 1431 ἑαυτοῦ
1234 1396 1385 1439 σκηνὴν·
1408 1395 1466 1430 καὶ
1487 1396 1693 1442 γενομένου

234 1454 455 1503 πνεύματος,
476 1453 607 1505 ἐμβὰς,
627 1456 774 1506 ἀνήχθη
793 1458 886 1506 μετὰ
906 1460 1124 1509 τρισχιλίων
1140 1458 1266 1496 meinana
1285 1460 1343 1495 καὶ
1364 1458 1506 1495 ἱππέων
1521 1455 1695 1504 ὀλίγων.4

234 1516 501 1565 Ἀποβιβάσας
533 1516 574 1556 δὲ
607 1523 750 1557 τούτους
769 1522 828 1557 καὶ
846 1523 986 1567 λαθὼν,
1016 1524 1163 1572 ἀνήχθη
1183 1524 1311 1566 πάλιν,
1333 1522 1422 1570 ὑπὲρ
1442 1527 1502 1565 τῆς
1520 1521 1695 1571 μείὲονος

236 1579 404 1631 ὀρῥωὸῶν
421 1580 622 1631 δυνάμεως·
657 1585 716 1619 καὶ
748 1587 839 1621 κατὰ
862 1585 1055 1622 θάλατταν
1084 1583 1189 1624 οὖσιν
1208 1584 1274 1631 ἤδη
1294 1588 1511 1635 προστυχὼν
1533 1586 1692 1632 κατήγα-

897 1711 1035 1744 NOTAE

237 1793 413 1833 venderet,
430 1794 587 1835 Pompeii
604 1795 752 1835 domum,
767 1806 864 1838 quam
882 1806 939 1828 nc-

238 1855 290 1874 iuo
307 1845 408 1876 licere
425 1844 542 1884 vellet,
558 1844 726 1876 Antonius
741 1856 845 1887 parvo
865 1857 940 1888 pre-

240 1895 298 1931 tio,
313 1894 401 1935 quod
418 1904 460 1925 ne
477 1895 577 1925 solvit
593 1895 741 1936 quidem,
759 1898 853 1928 emit.

279 1948 300 1975 6
338 1944 398 1974 Διὰ
427 1944 485 1981 τὴν
515 1943 657 1976 ὑπόθεσιν
684 1948 740 1983 τῆς
769 1947 942 1988 πολιτείας]

237 1996 388 2036 Propter
432 1995 597 2026 rationem
640 1996 942 2030 administrationis

238 2057 318 2087 suae,
333 2055 407 2078 cum
425 2047 491 2077 illis
507 2056 625 2078 carere
641 2057 705 2079 non
723 2054 848 2089 posset.

279 2101 298 2128 7
323 2097 388 2127 Οὐκ
403 2097 473 2138 ἀγ]
495 2098 534 2128 C.
551 2097 662 2129 Anon.
679 2099 742 2129 οὔτ’
758 2099 888 2138 ἀγνοῶν.

281 2151 300 2177 8
333 2149 402 2179 Τοῖς
431 2148 628 2188 ὑπουργοῦσι]
672 2150 821 2181 Subaudi
844 2151 941 2181 ὁποῖοι

237 2197 328 2235 ἦσαν.
374 2199 415 2229 R.

283 2303 296 2331 l
322 2298 421 2340 Ἰόβα]
449 2299 551 2338 juba,
567 2300 706 2332 alterius
724 2301 942 2333 Mauritaniae

237 2355 273 2382 et
290 2349 511 2382 Numidarum
528 2359 608 2388 rex3
647 2351 787 2382 alterins
804 2353 942 2394 ejusque

237 2400 428 2433 remotioris
444 2409 502 2430 rex
519 2406 593 2431 erat
610 2402 777 2432 Bocchus.

280 2454 300 2482 2
321 2450 532 2490 Ἀξιολόγους]
561 2451 808 2492 Nunciabatur,
823 2453 941 2484 adver-

235 2502 340 2533 tarios
377 2501 502 2532 habere
533 2502 726 2542 equitatum
762 2503 942 2543 infinitum,

238 2553 390 2594 legiones
408 2558 552 2594 quatuor
578 2553 699 2594 regias,
725 2554 807 2586 levis
835 2565 941 2586 anna-

240 2607 324 2633 tnrae
341 2612 496 2643 magnam
515 2602 594 2641 vim,
610 2604 776 2643 Scipionis
792 2605 942 2645 legiones

238 2652 370 2690 decem,
388 2654 588 2693 elephantos
604 2662 688 2685 cxx.
703 2665 711 2693 ;
751 2656 942 2697 classesque

239 2713 312 2735 esse
326 2704 527 2743 complures.
558 2705 633 2735 Lib.
653 2706 694 2737 (le
713 2707 754 2737 Β.
771 2707 848 2739 Afr.
866 2718 894 2739 c.
913 2712 941 2740 l.

282 2756 301 2782 3
340 2752 408 2782 Ἐπὶ
432 2754 488 2783 τοῦ
514 2753 707 2796 κλύσματος]
751 2757 942 2789 Secundum

994 1797 1089 1828 littus
1105 1797 1228 1838 ipsum,
1253 1801 1290 1829 nt
1317 1806 1423 1838 prope
1439 1795 1562 1827 fluctus
1578 1795 1695 1826 verbe-

994 1853 1098 1879 reret.

1036 1901 1056 1929 4
1080 1900 1193 1929 Caesar
1209 1898 1344 1940 quidem
1369 1906 1489 1929 navem
1517 1897 1609 1937 prius
1630 1906 1695 1927 non

995 1948 1208 1987 conscendit,
1224 1958 1323 1988 quam
1339 1947 1524 1988 legionibus
1541 1947 1695 1978 collectis

995 2007 1068 2035 sex,
1106 2002 1142 2027 et
1179 1997 1333 2037 equitum
1370 1997 1498 2028 duobus
1535 1997 1695 2027 millibus.

995 2047 1062 2077 Sed
1091 2056 1166 2077 cum
1194 2048 1346 2086 plurimae
1372 2056 1474 2078 naves
1499 2053 1603 2078 vento
1632 2046 1697 2077 dis-

995 2106 1102 2137 persae*
1119 2103 1242 2135 essent,
1256 2098 1567 2137 exercitum‚quem
1580 2106 1696 2128 secum

993 2148 1152 2187 habebat,
1169 2157 1274 2188 prope
1293 2147 1516 2178 Adrumetum
1543 2147 1699 2187 exponit,

996 2207 1050 2228 ιιι.
1069 2198 1173 2228 millia
1190 2198 1355 2238 peditum,
1370 2197 1522 2238 equitum
1549 2205 1614 2235 cn,
1637 2197 1697 2228 mi-

997 2249 1084 2278 nime
1111 2249 1223 2286 λαθὼν,
1249 2247 1310 2289 (cf.
1337 2248 1395 2278 lib.
1421 2248 1443 2278 Ι.
1472 2257 1502 2277 c.
1523 2247 1607 2285 3-7.)
1635 2246 1696 2277 sed

997 2309 1072 2329 cum
1091 2299 1196 2329 multo
1212 2298 1422 2329 incommodo
1440 2299 1562 2338 Leptin
1582 2297 1698 2338 copias

998 2355 1184 2389 praesentes
1213 2349 1372 2379 ducebat.
1435 2349 1528 2387 Lege
1558 2347 1696 2388 itaque:

997 2400 1193 2436 ἀποβιβάσας
1223 2399 1254 2430 δὲ
1283 2398 1422 2438 τούτους,
1450 2398 1553 2429 λαθὼν
1576 2397 1698 2437 ἀνήχθη

994 2449 1100 2491 πάλιν,
1129 2455 1195 2481 etc.
1253 2451 1369 2481 Caesar
1397 2449 1498 2487 enim,
1527 2458 1569 2480 ne
1594 2457 1695 2478 naves

995 2501 1194 2533 errabundae
1213 2511 1280 2531 snae
1297 2499 1530 2540 imprudentes
1552 2498 1585 2528 in
1611 2497 1695 2527 clas-

995 2562 1064 2583 sem
1097 2552 1365 2583 adversariorum
1392 2549 1593 2585 inciderent,
1617 2555 1694 2577 cum

997 2607 1094 2643 parte
1119 2602 1290 2633 exercitus
1314 2601 1392 2630 clam
1415 2597 1552 2628 hostibus
1576 2599 1605 2626 et
1631 2596 1697 2628 suis

994 2654 1152 2694 proesidiis
1177 2653 1295 2684 relictis
1330 2651 1450 2682 iterum
1488 2657 1589 2679 naves
1619 2657 1697 2679 con-

995 2706 1188 2743 scenderat,
1217 2707 1255 2734 ut
1283 2701 1348 2732 illis
1377 2699 1517 2730 navibus
1547 2698 1696 2730 subsidio

995 2756 1072 2787 iret.
1117 2753 1171 2786 Cf.
1187 2752 1259 2785 Lib.
1275 2751 1299 2784 1.
1315 2760 1346 2782 c.
1365 2753 1414 2780 ll.
