1872 3104
226 538 755 615 NOTITIA
809 541 1267 616 LITERA
1283 543 1520 628 RIA-

834 747 899 777 Dr:

475 900 545 947 C.
601 900 838 948 JULIO
894 898 1250 947 CAESARE.

587 1087 663 1136 [Ex
689 1096 760 1130 Ep,
786 1087 1131 1136 BIPONT.1803.]

738 1256 993 1268 eeeeeeeeeeeee

220 1382 291 1424 Ex
315 1382 439 1425 Gru.
460 1384 609 1426 JoAN.
631 1385 810 1427 Vosslo
832 1386 905 1426 lib.
930 1398 959 1426 1.
981 1386 1033 1427 dc
1057 1386 1176 1427 Hist.
1200 1385 1298 1427 Lat.
1319 1397 1416 1439 cap.
1438 1384 1507 1425 13.

134 1565 190 1613 C.
202 1571 363 1609 JULIUs
376 1569 541 1608 CAESAR
554 1570 652 1607 varia
666 1568 872 1607 admodum
889 1568 1057 1619 scripsit:
1070 1582 1114 1606 ex
1133 1568 1272 1618 quibus
1287 1567 1366 1605 sola
1379 1568 1597 1617 supersunt,

134 1646 220 1684 quae
240 1634 277 1670 in
294 1646 331 1670 re
353 1633 534 1671 historica
554 1634 721 1683 reliquit.
779 1634 930 1683 Nempe
952 1639 1097 1682 septem
1120 1632 1206 1669 libri
1228 1631 1277 1669 de
1299 1630 1400 1668 bello
1422 1630 1596 1668 Gallico:

135 1710 232 1747 quos
249 1698 389 1735 Graece
411 1698 602 1735 transtulit
631 1698 710 1735 sive
738 1697 944 1742 planudes,
966 1698 1044 1734 sive
1065 1697 1175 1734 alius.
1233 1695 1294 1733 Ad
1327 1695 1424 1740 haec,
1447 1701 1522 1732 tres
1551 1694 1598 1732 (le

131 1761 233 1798 bello
253 1761 379 1799 Civili.
438 1762 616 1812 Scriptor
635 1769 691 1799 cst
715 1775 830 1812 purus
851 1768 887 1799 et
921 1761 1084 1811 elegam,
1115 1761 1231 1810 inque
1252 1759 1455 1796 verborum
1478 1765 1601 1796 struc-

133 1831 218 1862 tura
230 1832 448 1871 accuratus,
469 1839 514 1862 ac
536 1826 693 1863 omnino
709 1826 854 1876 placidi
869 1826 986 1863 instar
1007 1825 1169 1862 fluminis
1186 1836 1433 1874 procurrens:
1458 1823 1601 1859 interea

135 1890 330 1934 πολιτικὸς,
359 1901 405 1926 ac
439 1890 560 1939 gravis
591 1890 625 1926 in
664 1889 883 1934 sententiis;
927 1902 1005 1938 quo
1043 1888 1345 1938 Xenophontem
1380 1891 1600 1936 exsuperat,

133 1952 357 2002 ceteroquin
377 1953 503 1989 cinon
524 1952 718 1990 dissimilis
742 1953 919 1990 multum.
977 1951 1175 1989 Ciceronis
1196 1949 1245 1987 de
1264 1950 1308 1987 iis
1324 1949 1519 1999 judicium
1542 1956 1599 1987 est

133 2015 358 2065 hujusmodi
390 2016 426 2053 in
457 2017 603 2054 Bruto:
636 2021 646 2037 ‘
669 2015 976 2054 Commentarios
998 2014 1153 2064 scripsit
1186 2013 1298 2051 valde
1329 2013 1485 2064 quidem
1507 2022 1596 2063 pro·-

135 2078 298 2117 bandos.
355 2081 460 2118 Nudi
488 2087 590 2127 sunt,
611 2081 721 2124 recti,
748 2087 786 2118 et
807 2080 967 2125 venusss,
989 2079 1095 2116 omni
1125 2084 1264 2115 ornatu
1296 2077 1494 2122 orationis,
1517 2083 1601 2114 tan·

136 2155 251 2193 qnam
281 2149 385 2180 veste
417 2143 613 2181 detracta:
647 2143 714 2181 sed
748 2144 842 2181 dnm
876 2143 998 2180 voluit
1026 2143 1122 2180 alios
1151 2142 1292 2180 habere
1321 2147 1470 2192 parata,
1500 2138 1600 2179 unde

135 2212 340 2251 sumerent,
363 2207 428 2257 qui
463 2207 602 2244 veilent
631 2208 795 2245 scribere
825 2207 1049 2252 historiam;
1088 2207 1226 2257 ineptis
1252 2212 1403 2257 gratum
1438 2204 1601 2243 fortasse

137 2268 243 2315 fecit,
266 2270 332 2320 qui
365 2270 428 2308 illa
458 2271 587 2309 volent
616 2271 841 2309 calamistris
870 2271 1038 2309 inurere:
1073 2284 1185 2308 sanos
1203 2269 1360 2320 quidem
1384 2269 1558 2307 homines
1577 2281 1602 2306 a

138 2333 343 2371 scribendo
363 2334 572 2373 deterruit!
621 2336 679 2373 De
695 2335 839 2373 eisdem
860 2336 1141 2374 commentariis
1162 2335 1310 2373 Hirtius
1326 2335 1378 2372 ita
1395 2333 1596 2384 praedicat,

135 2396 172 2433 in
193 2397 421 2447 praefatione
442 2399 529 2436 libri
550 2409 654 2437 VIII.
677 2398 725 2437 de
747 2399 908 2437 Caesaris
929 2399 1031 2437 bello
1052 2399 1234 2438 Gallico:
1267 2404 1277 2420 ‘
1300 2398 1411 2437 Adeo
1432 2397 1601 2448 proban-

136 2467 198 2497 tur
217 2461 388 2499 omnium
403 2462 420 2510 j
429 2462 571 2508 udicio,
593 2469 635 2501 ut
650 2471 855 2514 praerepta,
878 2477 955 2502 non
975 2464 1142 2514 praebita
1162 2463 1329 2502 facultas
1350 2460 1600 2511 scriptoribus

137 2523 326 2563 videatur.
382 2526 505 2576 Cujus
538 2534 662 2565 tamen
688 2528 743 2565 rei
776 2528 901 2577 major
935 2534 1077 2573 nostra,
1111 2540 1225 2577 quarn
1261 2527 1508 2576 reliquorum,
1543 2529 1602 2561 est

137 2587 352 2627 admiratio.
407 2591 536 2629 Ceteri
569 2591 681 2638 enim,
710 2605 825 2642 quam
861 2592 957 2629 bene
982 2598 1099 2642 atque
1131 2590 1348 2635 emendate,
1371 2602 1440 2627 nos
1469 2588 1600 2634 etiam,

139 2665 264 2702 quam·
292 2654 404 2693 facile
424 2662 542 2707 atque
571 2656 745 2695 celeriter
774 2671 840 2695 eos
871 2655 1153 2707 perscripserit,
1184 2655 1356 2693 scimus.¹
1411 2654 1460 2691 Et
1493 2657 1601 2690 tauta

142 2728 228 2755 cum
247 2717 295 2756 sit
315 2721 680 2759 commentariorum
701 2721 861 2760 Caesaris
882 2711 1061 2760 venustas
1074 2734 1085 2766 ;
1117 2725 1243 2758 tamen
1265 2716 1496 2758 Franciscus
1518 2716 1602 2755 Fro-
