1872 3104
565 255 605 283 c.
639 253 770 283 sumi
806 253 1039 283 messinis.
1418 246 1531 288 2089

71 354 407 408 Oudendorpius
433 354 476 393 iu
503 353 682 394 Praefat.
705 353 761 394 ad
784 353 901 394 Edit.
924 366 1047 393 suam
1075 351 1266 394 Caesar.:
1313 356 1324 373 ‘
1342 353 1387 393 J.
1406 354 1453 395 J.
1476 355 1530 394 P.

70 421 297 464 D'Orvillii
333 420 632 461 benevolentia
665 421 844 460 excussi
879 421 1258 461 membranaceum
1293 422 1386 475 ejus
1421 421 1529 463 Cod.

69 491 213 539 bonae,
234 489 311 530 sed
327 488 573 528 recentioris
589 492 721 537 notae,
744 493 785 528 ct
799 488 1016 541 eleganter
1035 489 1080 528 in
1105 488 1227 529 Folio
1247 489 1529 542 descriptum,

68 562 333 609 cunctosque
353 555 510 596 Libros
533 555 842 607 complexum?
885 554 1126 595 Membran.
1151 556 1270 596 circa
1292 555 1418 598 Ceut.
1444 568 1529 597 xv,

125 625 298 666 Tertius
319 627 383 663 est
403 621 612 664 Canonici
636 623 728 664 Lat.
748 623 848 663 302.
873 623 1113 663 Membran.
1133 624 1267 664 illum.
1285 623 1407 664 Cent.
1428 635 1531 665 xiv.

127 691 180 732 In
213 690 409 743 Collegio
439 690 707 732 Mertonensi
737 695 804 732 est
837 691 948 733 Cod.
977 690 1023 732 J.
1054 690 1104 731 C.
1136 690 1254 732 Caes.
1289 690 1531 734 Comment.

71 759 140 800 De
156 759 265 800 Bell.
281 757 401 800 Gall.
418 760 493 800 lib.
516 771 603 800 vu.
649 758 707 800 A.
733 759 870 799 Hirtii
899 759 1057 800 Pansae
1081 759 1134 799 de
1154 769 1306 799 eodem
1327 760 1404 800 lib.
1424 771 1532 800 vm.

72 825 277 880 Hujusce
313 827 459 868 varias
506 826 739 868 Lectiones
775 839 802 866 a
834 827 926 866 viro
975 825 1106 866 docto
1141 825 1336 878 Josepho
1374 825 1533 867 Wasse

71 898 307 945 acceperat
329 892 683 947 Oudendorpius,
717 893 790 946 qui
813 905 867 933 cx
889 906 942 933 eo
964 892 1027 932 sic
1048 892 1224 932 eandem
1246 892 1450 934 describit
1464 908 1534 936 2-—

72 960 483 1001 ‘luculentissimam
514 961 775 1001 variantium
803 958 1057 999 Lectionum
1085 960 1342 1012 congeriem,
1374 960 1533 1002 factmn

71 1040 98 1069 a
128 1041 223 1068 sese
245 1041 268 1068 e
311 1027 397 1068 Ms.
440 1027 624 1068 Merton.
656 1026 769 1067 Coll.
808 1026 954 1068 Oxon.
977 1027 1305 1079 quingentorum
1327 1041 1534 1069 annorum

71 1099 246 1136 aetatem
277 1095 473 1145 habente,
512 1107 593 1136 nec
632 1095 745 1135 ultra
785 1094 955 1135 Bellum
987 1093 1207 1135 Gallicum
1237 1102 1452 1148 pergente,
1493 1102 1536 1137 et

72 1166 230 1203 cuncta
250 1162 337 1203 fere
356 1162 551 1204 locorum
574 1164 853 1216 virorumque
872 1162 1050 1203 nomina
1069 1163 1306 1203 omittente.
1368 1161 1534 1213 Quanti

70 1234 213 1271 tamen
243 1229 313 1270 hic
348 1230 458 1270 liber
479 1229 764 1271 aestimandus
797 1230 869 1279 sit,
891 1230 1020 1269 facile
1041 1229 1272 1281 intelliges,
1296 1228 1467 1279 Lector,
1496 1230 1534 1270 si

69 1296 238 1347 dixero,
262 1310 359 1338 eum
381 1310 566 1352 semper,
585 1298 655 1338 vel
676 1298 828 1338 saltem
857 1297 1054 1350 plurimis
1075 1297 1122 1337 in
1141 1296 1269 1343 locis,
1299 1298 1537 1338 consentire

73 1363 342 1406 Membranis
365 1364 678 1414 Menardianis,
701 1377 780 1405 seu
807 1363 1012 1413 Andinis,
1032 1376 1143 1417 quas
1162 1364 1332 1417 passim
1351 1365 1535 1404 summis

73 1431 272 1473 laudibus
293 1432 426 1482 effert,
456 1434 699 1486 quibusque
728 1433 806 1473 vix
834 1432 1037 1472 meliores
1069 1445 1165 1472 esse
1195 1432 1317 1473 visas
1350 1431 1535 1473 affirmat

73 1511 253 1551 magnus
276 1498 321 1539 J.
345 1498 418 1540 Fr.
442 1497 724 1540 Gronovius?
746 1497 927 1540 Praefat.
951 1498 1007 1538 ad
1030 1497 1212 1539 Caesar.¹

131 1564 271 1606 Catal.
295 1565 408 1607 Mss.
435 1566 550 1620 Ang.
579 1570 623 1607 et
652 1566 763 1608 Hib.
791 1567 901 1607 inter
932 1565 1226 1618 Collegiorum
1248 1571 1292 1608 et
1322 1565 1534 1608 Aularum

78 1631 218 1673 Codd.
239 1637 406 1674 veteres
428 1632 573 1675 Oxon.
595 1646 638 1686 p.
659 1634 730 1674 50.
750 1633 880 1674 1549.
903 1632 973 1674 82.
994 1633 1140 1674 varias
1161 1633 1272 1675 inter
1293 1633 1535 1684 Historias,

76 1698 334 1748 Alexandri,
366 1703 444 1740 Sec.
474 1705 597 1741 notat
629 1700 758 1740 etiam
787 1699 816 1740 J
822 1700 880 1740 ul.
911 1699 1027 1740 Caes.
1058 1698 1300 1741 Comment.
1327 1704 1370 1740 et
1400 1700 1539 1742 Hirtii

77 1764 235 1807 Pansae
258 1767 311 1807 de
331 1767 424 1807 Bel.
448 1765 564 1808 Gall.
589 1767 665 1808 lib.
691 1777 797 1808 vill.
819 1771 866 1807 ut
886 1768 930 1807 in
950 1780 1002 1807 eo
1023 1765 1135 1808 Cod.
1155 1767 1364 1807 inclusos
1411 1767 1536 1807 Idem

75 1845 177 1873 vero
197 1832 308 1874 Cod.
329 1847 441 1874 nunc
471 1833 748 1874 desideratur.
801 1833 893 1874 Hic
914 1839 982 1874 est
1009 1832 1117 1874 Cod.
1142 1833 1274 1888 Corp.
1297 1833 1456 1876 Christ.
1484 1835 1537 1874 de

76 1913 166 1953 quo
187 1900 235 1942 fit
254 1902 414 1942 mentio
436 1915 533 1955 sup.
554 1916 598 1955 p.
620 1901 749 1943 1898.
769 1905 812 1942 et
832 1916 876 1956 p.
896 1902 1023 1945 2031.

136 2022 188 2062 In
216 2023 489 2066 Bibliotheca
529 2023 718 2065 Publica
747 2023 1057 2066 Universitatis
1080 2023 1262 2065 Cantab.
1286 2030 1385 2066 sunt
1414 2024 1459 2066 J.
1486 2024 1538 2066 C.

80 2088 321 2132 Comment.
342 2092 395 2132 de
409 2092 518 2132 Bell.
536 2091 653 2133 Gall.
673 2096 716 2132 et
731 2091 964 2142 Civilibus,
986 2091 1046 2132 N.
1062 2092 1189 2133 2522.
1238 2092 1330 2133 Hie
1357 2092 1456 2133 cod.
1469 2096 1537 2134 est

78 2156 207 2198 valde
227 2158 458 2210 pretiosus,
480 2160 525 2199 in
547 2158 675 2212 cujus
694 2159 912 2209 laudibus,
935 2159 1015 2199 sub
1035 2159 1208 2200 nomine
1230 2159 1538 2209 Norvicensis,

79 2228 128 2265 ut
157 2225 232 2277 qui
259 2225 342 2265 viri
369 2225 604 2266 admodum
637 2224 751 2267 Rev.
785 2225 814 2267 J
818 2226 999 2267 ohannis
1031 2225 1174 2276 More,
1199 2226 1352 2281 Epise.
1375 2226 1540 2268 Norvi·

78 2293 238 2341 censis,
259 2293 363 2333 olim
382 2293 477 2343 fuit,
508 2293 666 2334 multus
694 2297 762 2333 est
781 2297 872 2334 tam
893 2294 948 2334 cl.
971 2293 1199 2344 Davisius,
1233 2307 1365 2348 quam
1387 2293 1538 2335 Clark-

78 2359 162 2408 ius,
194 2359 238 2399 in
267 2358 445 2402 Praefat.
479 2364 519 2402 et
549 2360 663 2401 notis
702 2360 757 2400 ad
789 2373 890 2402 suas
923 2361 1114 2403 Caesaris
1147 2361 1385 2402 Editiones.
1448 2361 1538 2402 Hic

78 2424 190 2466 idem
213 2439 326 2468 nunc
347 2428 552 2481 temporis
573 2429 683 2470 inter
713 2441 790 2470 eos
813 2428 951 2470 Codd.
979 2429 1092 2469 Mss.
1115 2429 1171 2469 ad
1199 2428 1382 2469 eundem
1404 2428 1536 2482 Epis-

735 2558 881 2591 NOTAE

125 2631 136 2648 ¹
161 2630 332 2663 Eximium
355 2632 443 2663 hunc
466 2632 628 2664 Codlcem
640 2642 718 2672 non,
742 2639 779 2664 ut
835 2635 961 2674 nensis,
992 2635 1055 2665 Dr.
1068 2634 1244 2673 Vaughan,
1267 2642 1328 2673 per
1351 2632 1535 2663 amicitiam

79 2682 280 2721 optavimus,
302 2683 439 2714 librario
461 2683 613 2725 absente,
636 2684 783 2725 inspexi-
836 2685 898 2716 viri
916 2684 1009 2715 docti
1025 2684 1185 2716 Gulielmi
1202 2684 1336 2723 Crowe,
1350 2683 1440 2715 Pub.
1455 2683 1541 2715 Ora-

81 2739 154 2761 mus
169 2742 178 2769 ;
218 2741 291 2764 esse
326 2742 417 2773 vero,
455 2739 493 2764 nt
530 2734 780 2775 expectandum
835 2736 931 2775 toris,
947 2735 1112 2766 benevolo
1129 2735 1224 2765 nobi<
1241 2734 1511 2766 communicavit.

81 2778 183 2819 soret,
210 2781 242 2812 in
273 2787 360 2822 tuto,
397 2784 531 2815 Pr-aeses
569 2784 612 2815 cl.
649 2785 779 2816 Metto-

170 2835 280 2876 Delph.
293 2840 321 2867 et
343 2837 416 2869 γαν.
441 2839 524 2870 Cras.
784 2840 863 2869 Fam.
1389 2844 1406 2870 6
1426 2841 1451 2869 R
