1872 3104
235 175 350 217 ‘2062
682 185 933 216 RECENSUS
970 186 1249 216 EnirroNUM

290 281 450 319 Arnoldi
471 281 660 318 Montani.
710 280 914 318 Accedunt
934 281 1066 318 notitia
1087 281 1225 318 Galliae
1244 288 1282 319 et
1303 287 1405 319 notae
1425 282 1620 321 auctiores
1639 297 1687 322 ex

288 345 528 394 autographo
547 346 627 382 Jos.
648 344 844 394 Scaligeri.
879 343 999 392 Lugd.
1024 345 1108 380 But.
1130 357 1176 380 ex
1196 344 1296 382 offic.
1315 345 1594 395 Wyngaerden.

237 430 287 435 -—
318 409 604 445 Aiustelodanii.
643 414 701 445 12.
726 421 786 457 up.
814 407 976 444 Eizexir.

240 471 336 508 1653
367 472 531 508 Aureliae
553 471 697 508 Allobr.
727 471 792 508 fot.
825 472 868 508 C.
890 471 979 508 Julii
1007 471 1167 508 Caesaris
1188 479 1225 508 et
1247 472 1357 508 Hirtii
1393 472 1690 512 commentaria.

291 537 336 572 In
356 535 535 578 Corpore
559 534 800 583 Scriptorum
822 535 989 572 historice
1012 535 1120 571 Rom.
1143 548 1188 571 ex
1209 534 1269 572 ed.
1298 534 1407 579 1609.
1429 536 1602 585 repetito.

242 598 339 639 1657
369 596 664 633 Amstelodami.
702 602 760 633 12.

243 660 339 698 1658
372 659 631 708 Argentoruti.
665 665 699 696 8.
730 672 776 695 ex
798 658 859 695 ed.
884 660 1056 696 Boecleri.

243 723 334 760 1661
371 721 663 759 Anistelodanii.
698 727 732 757 8.
765 734 827 770 ap.
866 722 1025 758 Elzevir.
1057 735 1145 758 cnm
1177 724 1327 760 selectis
1361 725 1551 763 variorum
1588 739 1694 764 com-

289 787 496 830 mentariis,
531 798 647 835 opera
668 791 705 821 et
726 783 856 821 studio
877 784 1035 820 Arnoldi
1069 785 1374 822 Montani.-l·]x
1409 788 1468 825 ed.
1506 788 1617 827 1651.
1639 803 1696 827 re-

291 862 397 887 cusa.

241 913 342 953 1664
372 912 550 962 Lugduni
572 913 658 948 Bat.
680 917 738 949 12.
760 923 822 960 ap.
848 910 1007 948 Elzevir.
1029 917 1066 948 et
1085 911 1236 948 emend.
1259 912 1454 961 Scaligeri.

240 977 340 1016 1665
370 975 662 1013 Amstelodauii.
684 982 743 1013 12.
765 987 826 1024 ap.
849 975 1025 1012 Jansson.
1069 976 1128 1012 Ex
1145 976 1410 1014 emendatione
1431 977 1628 1027 Scaligeri.

241 1041 341 1086 1669
372 1039 628 1077 Francofurti.
661 1045 699 1075 4.
723 1040 767 1076 C.
789 1039 882 1076 Julii
903 1039 1065 1076 Caesaris
1090 1052 1176 1089 qnoe
1202 1046 1345 1084 extant,
1373 1054 1459 1077 cnm
1493 1041 1697 1091 interprete

289 1105 430 1141 Graeco
449 1111 486 1140 et
506 1104 603 1140 notis
618 1103 806 1139 variorum
823 1102 950 1140 studio
964 1103 1200 1140 Gothofredi
1215 1104 1502 1153 Jungermanni.
1516 1104 1694 1143 Francof.

293 1168 480 1205 sumtibus
519 1169 582 1205 J0.
614 1167 716 1205 Dav.
755 1166 932 1203 Znnneri.
969 1173 990 1205 2
1024 1167 1367 1217 vost—Repetitio
1404 1169 1601 1217 Jnngerm.
1635 1168 1695 1205 ed.

296 1231 412 1270 1606.
452 1232 551 1275 Quae
586 1231 657 1268 etsi
687 1231 721 1267 in
752 1230 864 1268 titulo
885 1231 1034 1268 auctior
1053 1239 1091 1268 et
1111 1229 1280 1268 comtior
1297 1231 1453 1276 dicitnr,
1480 1245 1556 1268 non
1586 1244 1697 1281 aeque

291 1303 418 1333 tamen
447 1302 505 1332 est
525 1303 712 1332 correcta.
771 1295 934 1331 Aut-tior
967 1309 1058 1332 vero
1091 1301 1148 1331 est
1178 1295 1228 1331 ob
1254 1294 1426 1331 additam
1449 1295 1484 1331 in
1513 1295 1587 1332 fine
1616 1295 1699 1333 Jos.

292 1359 476 1409 Scaligeri
511 1359 688 1396 notitiam
719 1358 858 1395 Galliae
878 1357 1120 1407 depromtam
1167 1371 1213 1394 ex
1251 1358 1417 1396 editione
1448 1358 1698 1403 Eizeviriana,

294 1431 332 1461 et
361 1423 452 1460 Aldi
479 1422 641 1460 Manutii
662 1423 814 1458 brevem
845 1421 895 1458 de
925 1421 1067 1457 Gallice
1097 1421 1281 1459 divisione
1305 1422 1694 1466 commentationem3

292 1493 330 1523 et
350 1486 400 1523 ob
421 1485 575 1523 additos
598 1499 726 1522 versus
741 1485 801 1522 vel
824 1485 940 1521 incisa
963 1485 1139 1528 comior,
1161 1484 1218 1521 vel
1241 1484 1376 1521 utilior.

245 1548 346 1593 1670
376 1549 669 1587 Amstelodami.
692 1556 727 1587 8.
750 1562 796 1585 ex
828 1547 929 1585 offic.
962 1547 1124 1584 Elzevir.
1155 1547 1347 1597 Repetitio
1381 1547 1443 1585 ed.
1483 1547 1595 1586 1651.
1626 1550 1699 1587 Ar-

295 1611 399 1650 noldi
421 1613 610 1650 Montani.

246 1676 346 1720 1674
376 1677 610 1725 Antverpiae.
635 1681 670 1713 8.
692 1675 737 1711 C.
759 1675 850 1713 Julii
881 1675 1042 1712 Caesaris
1075 1675 1364 1720 Cominentarii,
1388 1675 1493 1711 noris
1523 1675 1700 1713 emenda-

297 1739 466 1777 tionibus
482 1738 670 1783 illustrati,
687 1751 733 1775 ex
756 1737 849 1775 bibl.
869 1738 990 1775 Fulvii
1013 1738 1152 1775 Ursini.
1175 1739 1291 1776 Antv.
1314 1751 1377 1788 ap.
1399 1738 1563 1776 Plautiu.

246 1825 298 1831 -
327 1803 492 1840 Parisiis.
512 1808 548 1840 8.

244 1888 294 1893 --
325 1867 477 1915 Lipsiae.
502 1873 536 1904 8.
559 1879 578 1903 e
600 1880 746 1904 recens.
770 1866 1038 1915 Scaligeriana.

248 1929 346 1972 1675
379 1930 668 1966 Amstelodami.
696 1937 755 1968 12.
777 1943 840 1978 ap.
866 1931 1025 1968 Elzevir.
1048 1944 1093 1968 ex
1112 1931 1265 1968 emend.
1288 1930 1484 1980 Scaligeri.

247 1992 347 2037 1678
381 1993 542 2030 Parisiis.
570 1999 607 2029 4.
639 1993 793 2029 C.Julii
826 1993 986 2030 Caesaris
1012 2007 1099 2042 quae
1128 2000 1272 2031 extant.
1316 1993 1630 2042 Interpretatione
1663 2000 1701 2030 et

297 2057 396 2093 notis
428 2056 630 2093 illustravit
667 2057 834 2093 Joannes
868 2056 1073 2093 (ioduinus
1094 2056 1128 2093 in
1164 2057 1286 2095 Usum
1308 2056 1502 2106 Delphini.
1537 2056 1700 2094 Lutetiae

295 2119 540 2163 Parisiorum,
563 2119 663 2168 typis
681 2119 781 2155 Petri
802 2120 836 2156 le
853 2119 1196 2156 Petit.—(;0duini
1212 2127 1313 2157 nota:
1335 2126 1423 2156 sunt
1443 2120 1698 2170 philologicae.

249 2182 349 2221 1680
380 2184 500 2228 Hagae
519 2184 629 2220 Com.
650 2190 712 2222 2³4.
734 2197 754 2220 e
775 2196 852 2220 rec,
870 2183 1135 2233 Scaligeriana.

250 2245 348 2284 1683
380 2246 560 2290 Lugduni
584 2247 666 2282 Bai.
695 2253 755 2284 12.

249 2308 351 2348 1684
382 2311 557 2359 Lugduni
581 2311 664 2346 But.
709 2317 767 2348 12.
797 2312 842 2347 C.
864 2310 955 2346 Jnlii
978 2309 1137 2347 Caesaris
1167 2323 1254 2359 qnae
1284 2315 1427 2354 extant,
1449 2322 1539 2347 cura
1568 2309 1700 2347 docto-

299 2386 380 2410 rum
399 2375 560 2409 virorum
578 2373 793 2410 emendata.
813 2380 834 2411 ‘2
858 2375 947 2410 roll.
971 2387 1005 2410 c.
1029 2373 1119 2423 figg.
1150 2375 1214 2410 aeri
1240 2374 1382 2412 incisis.

250 2437 350 2475 1685
383 2437 675 2474 Anistelodanni.
701 2443 763 2474 24.
787 2450 874 2474 cum
897 2438 1004 2474 tabb.
1028 2451 1156 2485 geogr.

244 2523 297 2529 —-
327 2502 447 2549 Hagae
466 2504 574 2537 (forn.
613 2509 676 2539 224.
718 2515 762 2538 ex
783 2501 934 2538 emend.
958 2502 1150 2551 Scaligeri.

250 2563 350 2607 1687
380 2565 632 2602 Francofurti.
671 2571 706 2603 8.
741 2579 786 2602 ex
816 2578 894 2602 rec.
917 2566 1110 2615 Scabged,
1147 2579 1234 2603 cum
1268 2565 1405 2615 triplici
1435 2563 1564 2601 Indice
1601 2563 1702 2599 Mer-

301 2628 393 2665 bizii
408 2635 444 2665 et
465 2628 555 2677 figg.

251 2689 350 2735 1693
381 2692 562 2730 Loudini.
593 2699 628 2731 8.
659 2694 705 2731 C.
724 2693 817 2731 Julii
846 2693 1006 2731 Caesaris
1028 2707 1115 2743 quae
1148 2699 1291 2737 extant,
1323 2689 1636 2740 interpretatione
1663 2696 1702 2727 et
