1872 3104
687 513 1108 590 INDEX

458 707 719 756 RERUM
749 705 1341 755 MEMORABILIUM

806 833 912 864 QUAE
937 832 988 863 IN

173 932 1080 994 COMMENTARIIS
1139 928 1625 987 CAESARIS

686 1075 1114 1124 HABENTUR.

170 1293 280 1324 Literu
311 1292 343 1324 G
376 1293 512 1323 numeris
536 1292 669 1334 praefixa
695 1291 835 1330 refertur
870 1292 910 1321 ad
943 1290 1036 1322 libros
1065 1291 1102 1321 de
1125 1291 1216 1321 Bello
1241 1291 1381 1321 Gallico:
1411 1291 1503 1320 litera
1531 1290 1557 1320 C
1589 1291 1628 1319 ad

213 1346 305 1376 libros
326 1346 364 1376 de
380 1346 471 1376 Bello
497 1345 613 1376 Civili.-
635 1346 727 1376 literu
745 1344 774 1375 A
789 1347 828 1375 ad
853 1345 965 1375 librum
990 1346 1027 1375 de
1051 1344 1142 1375 Bello
1168 1344 1383 1375 Alexandrino
1398 1355 1408 1374 .·
1443 1344 1543 1374 literae
1571 1341 1627 1372 Af.

213 1400 253 1429 ad
275 1397 387 1428 librum
402 1399 440 1428 de
463 1397 553 1428 Bello
568 1397 740 1436 Africano:
763 1398 855 1429 litera
883 1397 917 1428 H
939 1398 979 1428 ad
994 1397 1106 1427 librum
1120 1398 1157 1428 de
1174 1397 1263 1427 Bello
1284 1397 1498 1437 Hispaniensi.

171 1574 355 1671 {BIES
374 1597 407 1628 in
428 1598 608 1630 Britannia
624 1601 692 1630 nou
713 1600 873 1641 provenit

265 1649 299 1677 v,
317 1643 369 1671 12.

171 1681 309 1712 absentia
322 1682 553 1716 vehementius
561 1684 732 1715 hominum
744 1689 875 1716 mentes

215 1724 396 1764 perturbat
420 1725 452 1756 G
467 1726 526 1764 vii,
543 1729 595 1757 84.

172 1766 306 1797 absentis
331 1767 432 1797 etiam
456 1768 596 1807 perinde
623 1778 663 1800 ac
695 1769 873 1809 praesentis

213 1808 378 1840 Ariovisti
395 1810 578 1842 crudelitas
594 1812 734 1842 timetur
749 1813 874 1852 Sequa-

213 1851 265 1881 nis
281 1851 313 1882 G
330 1852 354 1890 i,
371 1854 423 1883 32.

170 1894 350 1924 Acarnania
366 1894 491 1926 Caesari
516 1895 650 1928 subdita
665 1896 692 1927 C
705 1897 755 1934 iii,
768 1900 820 1927 55.

170 1937 252 1967 Acco
268 1936 438 1967 Senonum
456 1939 616 1979 princeps
630 1939 661 1970 G
677 1940 723 1978 vi,
738 1943 769 1969 4.
805 1938 875 1978 ejus

214 1979 416 2017 supplicium
434 1980 465 2011 G
481 1981 527 2018 vi,
541 1984 592 2012 44.

171 2021 205 2051 in
227 2021 348 2052 Achaia
379 2027 414 2053 et
443 2023 659 2064 Dyrrhachio
685 2034 705 2054 a
736 2023 872 2053 Caesare

215 2069 312 2102 gesta
326 2065 353 2095 C
367 2065 412 2104 iii,
425 2069 478 2104 55,
495 2071 530 2096 et
547 2076 617 2107 seq.

173 2104 297 2136 Achilla
313 2107 432 2137 civitas
449 2108 554 2138 libera
567 2118 601 2138 se
625 2108 753 2139 Caesari
777 2107 875 2138 dedit

215 2146 273 2178 Af.
297 2150 338 2178 33
383 2149 557 2180 obsidetur
582 2149 711 2181 frustra
731 2160 751 2181 a
773 2150 873 2180 Pom-

217 2190 346 2229 peianis
359 2190 416 2221 Af.
429 2194 481 2222 43.

175 2232 314 2263 Achillas
327 2232 507 2273 praefoctus
524 2235 613 2275 regis
633 2234 811 2266 Ptolemaei
831 2233 874 2264 ad

218 2275 439 2306 occidendum
470 2276 671 2316 Pompeium
700 2277 818 2307 missus
846 2277 873 2308 C

217 2317 265 2356 iii,
289 2320 362 2349 104.
407 2319 496 2349 idem
527 2319 697 2350 exercitus
727 2318 873 2349 Alexan-

218 2359 305 2390 drini
322 2360 390 2391 dux
407 2361 566 2392 adversus
583 2361 753 2393 Caesarem
779 2361 806 2392 C
823 2361 873 2399 iii,

219 2405 281 2433 108
325 2403 395 2443 ejus
409 2403 590 2435 crudelitas
607 2409 642 2435 et
658 2403 765 2444 copiae
782 2403 809 2435 C
825 2403 873 2443 iii,

219 2447 282 2475 110
326 2446 481 2476 interitus
497 2446 528 2477 A
547 2449 579 2477 4.

174 2487 307 2518 Achillis
336 2494 371 2519 et
398 2487 590 2520 Memnonis
616 2497 814 2529 congressus
838 2488 872 2519 H

177 2571 289 2604 Aetius
312 2573 473 2613 Pelignus
500 2573 729 2614 Pompeianus
755 2577 876 2613 captus

219 2624 240 2645 a
263 2615 398 2647 Caesare.
427 2616 602 2647 incolumis
638 2615 822 2646 dimititiur
849 2614 877 2645 C

221 2658 245 2696 i,
260 2660 313 2689 18.

179 2699 290 2731 Aetius
303 2700 409 2732 Rufus
424 2701 462 2733 L.
480 2699 663 2733 Afranium
678 2698 880 2742 proditionis

220 2744 372 2782 postulat
382 2744 409 2776 C
426 2743 474 2783 iii,
487 2746 541 2775 83.

265 2796 378 2838 Delph.
393 2800 423 2829 et
447 2797 518 2830 Var.
535 2798 618 2829 Clas.

926 1599 1016 1630 Actia·
1039 1597 1121 1629 Vari
1145 1596 1346 1638 Pompeiani
1375 1596 1528 1627 delectus
1556 1596 1583 1626 C
1607 1595 1630 1635 i,

972 1644 1023 1672 12.
1040 1641 1067 1672 C
1080 1641 1102 1679 i,
1118 1643 1170 1671 31.
1195 1640 1277 1679 fuga
1295 1640 1322 1670 C
1341 1640 1375 1676 ii,
1393 1642 1447 1676 34,
1462 1642 1514 1669 35.

927 1684 1041 1715 Actius
1075 1684 1188 1713 Varus
1224 1682 1437 1713 Tuberonem
1485 1680 1628 1720 appulsu

972 1725 1102 1755 Africae
1127 1725 1284 1764 prohibet
1300 1724 1327 1754 C
1344 1725 1368 1761 i,
1386 1726 1438 1754 31.
1485 1724 1558 1762 ejus
1574 1732 1630 1752 co-

972 1767 1039 1808 piae
1056 1768 1083 1798 C
1100 1767 1196 1805 ii‚23.
1221 1771 1332 1797 castra
1345 1766 1373 1797 C
1390 1766 1425 1804 ii,
1440 1768 1491 1795 25.
1516 1773 1629 1805 pugna

973 1819 1049 1840 cum
1066 1810 1212 1840 Curione
1231 1809 1257 1840 C
1273 1809 1306 1846 ii,
1330 1811 1382 1838 34.
1430 1807 1631 1847 periculum,

973 1852 1096 1888 clades,
1110 1852 1303 1891 astutiaque
1316 1852 1343 1882 C
1360 1850 1395 1888 ii,
1405 1853 1458 1880 35.

929 1895 1043 1925 Actius
1064 1894 1176 1924 Varus
1204 1893 1419 1924 castellorum
1447 1890 1630 1931 praefectus

974 1937 1008 1967 H
1024 1939 1066 1967 27
1111 1936 1182 1976 ejus
1199 1945 1286 1965 mors
1304 1935 1337 1965 H
1355 1938 1408 1965 31.

928 1978 1108 2009 Adbuc-illus
1125 1978 1242 2008 Gallus
1260 1977 1427 2008 Allobrox
1443 1976 1471 2007 C
1487 1975 1533 2014 iii,
1546 1978 1599 2006 59.

926 2020 1145 2052 Adcantuanni
1173 2020 1311 2051 rebellio
1327 2029 1365 2050 ac
1392 2029 1471 2050 mox
1497 2018 1630 2049 deditio

972 2063 1005 2094 G
1022 2063 1070 2101 iii,
1085 2066 1138 2095 2-2.

928 2107 1136 2137 adolescentes
1145 2104 1244 2136 facile
1255 2105 1464 2135 seducuntur
1474 2104 1505 2135 G
1516 2103 1571 2141 vii,
1579 2105 1631 2134 37.

929 2149 1137 2179 Adrumetum
1153 2147 1316 2188 oppidum
1335 2148 1362 2178 C
1379 2147 1414 2186 ii,
1431 2149 1470 2177 23
1517 2156 1536 2176 a
1560 2147 1633 2176 Ca*—

973 2200 1047 2222 sare
1063 2191 1240 2221 obsidetur
1251 2189 1307 2220 Af.
1319 2192 1337 2219 3
1363 2189 1498 2229 capitur
1510 2188 1566 2219 Af.
1576 2192 1628 2219 89.

928 2233 1206 2265 Δάναηιεΐὶηστυηι
1230 2233 1357 2263 mulcta
1382 2242 1402 2262 a
1423 2233 1559 2262 Caesare
1574 2230 1630 2261 Af.

928 2318 1080 2349 Aduatici
1096 2327 1278 2358 eorumque
1292 2327 1342 2348 res
1359 2316 1391 2348 G
1409 2317 1445 2356 ii,
1459 2318 1492 2353 4,
1515 2318 1566 2354 16,
1578 2318 1631 2355 29,

968 2363 1020 2399 30,
1034 2366 1069 2392 et
1083 2370 1176 2402 seqq.
1194 2370 1227 2399 v,
1244 2363 1297 2399 38,
1313 2362 1367 2398 39,
1383 2362 1436 2390 56.
1472 2358 1518 2396 vi,
1534 2361 1565 2388 2.

930 2402 1101 2434 AEduorum
1132 2403 1316 2434 auctoritas
1345 2411 1385 2432 ac
1414 2406 1565 2441 potestas
1596 2406 1632 2430 et

973 2456 1053 2476 mox
1079 2446 1254 2476 calamitas
1279 2445 1311 2476 G
1327 2445 1371 2484 vi,
1398 2447 1450 2479 12,
1475 2448 1510 2473 et
1537 2450 1631 2482 seqq.

972 2489 1033 2527 vii,
1048 2492 1080 2528 5,
1095 2491 1128 2526 9,
1154 2491 1207 2525 10,
1224 2489 1278 2525 37,
1297 2490 1351 2517 41.
1388 2486 1458 2523 viii,
1473 2488 1525 2516 46.
1573 2485 1632 2515 cli-

974 2535 1070 2561 entes
1087 2531 1118 2561 G
1135 2530 1157 2566 i,
1174 2533 1227 2560 31.
1243 2529 1302 2567 vii,
1317 2532 1370 2558 75.
1395 2528 1560 2558 tumultus
1588 2536 1629 2557 ac

975 2573 1097 2603 seditio
1129 2572 1160 2602 G
1180 2571 1237 2609 vii,
1254 2574 1307 2609 32,
1332 2575 1367 2601 et
1391 2579 1460 2610 seq.
1491 2568 1634 2609 perfidia

976 2614 1007 2645 G
1033 2615 1090 2653 vii,
1117 2616 1170 2644 54.
1215 2613 1268 2642 lex
1299 2613 1341 2643 de
1375 2612 1631 2652 magistratibus

978 2657 1047 2687 suis
1062 2657 1094 2688 G
1111 2656 1169 2695 vii,
1188 2657 1242 2685 33.
1287 2664 1340 2685 res
1356 2664 1432 2686 cum
1457 2653 1632 2685 Ariovisto

978 2698 1046 2738 Gi,
1061 2701 1114 2730 33.
1139 2706 1216 2728 cum
1240 2697 1403 2728 Arvernis
1427 2697 1459 2728 G
1481 2697 1503 2735 i,
1521 2699 1574 2736 31,
1597 2702 1632 2727 et

977 2750 1073 2784 seqq.
1118 2750 1195 2774 eum
1223 2740 1432 2782 Biturigibus
1458 2739 1490 2772 G
1519 2739 1576 2779 vii,
1600 2743 1631 2769 5.

812 2795 885 2829 Ind.
903 2795 983 2828 Coes.
1529 2804 1548 2823 α
