1872 3104
671 164 871 195 NOTITIA
913 165 1120 194 GALLIAE.

164 265 260 299 putus
277 270 408 300 semper
423 262 595 299 separatus·
614 257 677 289 fuit
695 268 714 288 a
729 257 857 288 ditione

163 311 378 349 francorum,
401 313 435 339 ct
462 308 580 338 eodem
599 308 678 347 jure
694 307 768 346 fuit,
791 317 857 347 quo

161 369 310 396 reguum,
343 358 432 399 quod
459 362 511 388 est
549 358 676 397 optimo
712 357 856 387 maximo

156 408 246 447 jure,
269 407 300 438 id
319 412 383 446 est,
408 407 488 437 nulli
506 407 623 438 ditioni
649 406 834 437 subditum.

158 505 335 547 Tribunus
357 508 594 538 Bcnearnensc
626 507 666 538 ab
706 506 855 537 Hem-ico

200 565 280 595 rege
300 556 459 588 Navarra:
475 557 748 589 Christianissimi
764 557 855 587 ch-

204 606 263 636 rici
282 607 402 638 Quarti
421 617 482 637 avo
496 612 647 637 materno
665 607 855 637 institutum

198 656 232 687 in
245 662 358 688 castro
374 658 470 690 Palo.
517 658 586 689 Sub
607 669 646 689 co
663 664 738 689 sunt
760 659 855 698 Epis-

199 712 340 747 copatus
358 708 434 739 duo.

217 799 282 830 Sub
301 800 467 841 Metropoli
480 800 649 832 Anscorum
664 801 789 842 Episco—

418 854 511 891 patus
525 853 594 882 «luo.

197 907 225 939 Ι.
259 908 481 940 Lascariensis.
544 910 664 940 Lescar.
725 908 852 940 Civitas

152 957 429 989 Lascariensium.

195 1007 246 1038 11.
273 1008 478 1038 Oloronensis.
510 1007 632 1039 oleron.
668 1008 851 1038 Eloroncn-

151 1057 237 1088 sium
254 1057 383 1088 civitas.

194 1108 322 1138 Rursus
340 1118 398 1138 rex
414 1108 542 1148 potitur
558 1109 705 1140 Civitatc
719 1107 850 1139 Medio-

150 1158 338 1195 matricum,
362 1159 417 1189 ubi
445 1159 667 1199 Magistratus
695 1160 815 1190 missus
831 1168 850 1189 a

152 1208 246 1249 Rege
263 1209 401 1239 Senatui
420 1208 508 1239 urbis
526 1209 697 1249 pr‘aesidet.

149 1308 310 1339 Tribunai
335 1308 602 1339 Mediomatricis
628 1308 720 1339 urbis
747 1309 849 1340 habet

334 1359 562 1398 Episcopatu<
583 1363 663 1388 tres.

203 1450 268 1482 Sub
282 1450 452 1491 Mezrnp0ii
473 1450 649 1481 Trererensi
668 1451 794 1490 Episco-

409 1504 502 1540 patus
518 1503 592 1530 tres.

190 1558 219 1589 1.
259 1558 418 1589 Metensis.
473 1559 571 1589 Meis.
633 1558 847 1588 Divodurum

148 1608 472 1640 Mediomatricum:
511 1609 590 1639 oiim
615 1608 713 1639 sedes
738 1609 848 1648 Regni

147 1658 368 1698 Lotaringiae.
439 1658 676 1698 Luitprandus‚
725 1659 847 1688 Melen-

145 1718 208 1739 sem
226 1708 340 1747 urbem,
363 1719 430 1749 qnoe
458 1708 671 1748 potentissima
697 1709 729 1738 in
752 1718 847 1748 regno

145 1759 270 1790 Lotarii
283 1760 390 1790 claret.
426 1760 579 1799 Regnum
596 1759 722 1790 Lotarii
737 1758 848 1790 Latar-

144 1809 237 1848 rijck,
260 1809 491 1850 Lotaringiam
506 1814 617 1840 vocat.

186 1858 236 1890 II.
265 1859 426 1891 Tulcensis.
471 1859 557 1889 Toul.
607 1858 743 1889 Tullum
760 1858 846 1889 Leu-

145 1918 275 1940 corum.

186 1959 258 1990 ΙΙΙ.
285 1958 494 1990 Vin-dunensis.
525 1958 659 1989 Ver-dun.
693 1957 846 1988 Verodu-

144 2016 235 2038 num.
282 2009 323 2039 Iu
353 2008 528 2039 veteribus
557 2007 715 2039 Conciliis
741 2007 846 2038 Gaui-

144 2057 240 2088 canis
270 2058 448 2099 aliquando
474 2059 630 2099 episcopus
664 2058 846 2090 Veronensis

145 2115 326 2147 perperam
362 2109 489 2148 legitur
515 2118 578 2148 pro
613 2109 845 2140 Ver—edunensis.

146 2154 217 2186 Alii
238 2156 413 2187 Verdunum
429 2158 596 2188 scribunt.

187 2204 301 2245 Igitur
327 2206 425 2237 hodie
455 2207 515 2237 sub
545 2207 674 2238 ditione
703 2207 845 2239 Christi-

146 2254 294 2285 anissimi
312 2256 518 2286 Francorum
534 2255 640 2295 Regis
657 2261 736 2287 sunt
751 2258 844 2288 Dioe-

142 2314 238 2336 ceses
263 2313 359 2336 cxvi.
378 2305 412 2336 in
435 2306 556 2347 quibus
581 2315 642 2337 cn.
660 2306 845 2348 Episcopa-

145 2358 211 2394 tus,
229 2363 303 2386 xiv.
321 2356 658 2397 Archiepiscopatus.
683 2358 770 2390 Quia
787 2359 845 2399 igi-

145 2412 202 2437 tur
233 2407 314 2437 nulli
347 2407 438 2439 fines*
468 2409 716 2449 provinciarum
758 2410 845 2441 certi

143 2463 235 2496 sunt,
260 2458 408 2499 Regibus
423 2469 484 2499 pro
497 2460 637 2491 arbitrio
651 2461 760 2492 onmia
773 2471 843 2492 mu-

144 2509 307 2547 tammus,
330 2509 406 2540 ideo
422 2510 519 2541 nobis
533 2511 605 2542 haec
623 2512 763 2543 tributio
777 2522 845 2543 om-

143 2558 237 2590 nium
260 2560 515 2600 expeditissima
546 2562 616 2593 visa
645 2567 711 2603 est,
743 2572 841 2603 quam

138 2607 219 2648 jure
235 2610 342 2642 secuti
359 2620 482 2643 sumus.

1493 161 1605 201 2007

953 257 1087 289 l'raeter
1106 258 1281 289 Dioeceses
1300 267 1398 290 cxvi.
1417 270 1490 300 quan
1506 262 1604 293 hodie

909 307 968 338 sub
993 307 1122 338 ditione
1149 313 1227 338 sunt
1258 309 1359 345 Regis
1387 309 1604 351 Francorum,

908 358 982 387 alim
999 367 1034 388 v.
1051 362 1128 388 sunt
1144 358 1233 388 intra
1249 357 1332 388 fines
1348 358 1485 398 Imperii
1502 361 1606 391 Galli·

907 408 994 447 cani,
1017 412 1052 437 et
1079 412 1192 438 tamen
1217 413 1294 438 suut
1316 415 1413 439 extra
1445 408 1604 440 ditionem

907 458 1112 488 Francorum
1128 468 1136 495 ;
1161 463 1438 499 quatuornempe
1452 459 1484 488 in
1499 457 1607 489 Comi-

907 511 979 537 tatu
1008 507 1166 545 Venitiw,
1198 507 1231 537 id
1259 506 1606 546 est,‘Avenionensi;

905 561 941 587 et
958 566 1022 587 uua
1039 562 1135 587 extra
1153 558 1371 589 Conuiuium.

906 655 1604 697 ComitatusAvenionensis,sivevenitiae,

948 706 1122 736 Dioeceses
1135 706 1235 736 habet
1249 707 1366 736 1v.sub
1379 707 1506 737 ditione
1517 707 1604 738 Pon-

951 756 1052 786 tiiicis
1080 756 1233 794 Romani,
1263 755 1296 785 iu
1323 756 1443 795 quibus
1467 755 1605 786 Archie-

946 805 1143 845 piscopatus
1160 813 1256 843 unus,
1281 805 1508 845 Episcopatus
1521 809 1603 838 tres.

967 897 1152 937 DIetropolis
1167 897 1231 928 sive
1246 896 1537 937 Archiepiscopatus

1186 956 1315 987 primus.

946 1005 975 1036 Ι.
998 1004 1141 1037 Avenio.
1168 1006 1370 1046 Metropolis
1395 1015 1495 1037 nova.
1527 1007 1603 1038 Ari-

899 1065 993 1094 gnon.
1036 1055 1164 1087 Avenio
1192 1057 1370 1088 Cavarum.
1418 1055 1603 1088 Pontifices

903 1106 1044 1136 Romani
1067 1107 1290 1137 instituerunt
1318 1106 1404 1136 lianc
1428 1107 1604 1146 Metropo-

901 1155 960 1195 lin,
982 1165 1057 1187 cum
1069 1162 1170 1187 autea
1189 1155 1430 1196 suffragaretur
1450 1157 1603 1198 Viennae,

901 1211 937 1237 ut
953 1211 987 1237 et
1006 1211 1074 1238 tres
1091 1207 1229 1248 reliquae
1244 1207 1414 1236 civitates.

942 1256 1147 1297 Episcopatus
1158 1260 1221 1286 tres
1232 1255 1286 1286 sub
1299 1255 1467 1295 Metropoli
1479 1254 1559 1286 Ave-

1171 1307 1322 1338 nionensi.

942 1357 970 1387 1.
996 1357 1346 1398 Carpentoractuusis.
1401 1358 1600 1396 CarpentraS.

900 1407 1167 1447 Carpentoracte
1184 1406 1420 1437 Memiuornm.

941 1457 989 1487 ΙΙ.
1028 1456 1286 1487 Cabillonensis.
1359 1456 1518 1486 Cacaillon
1559 1456 1601 1486 (Iu

900 1506 1026 1536 Contat.
1073 1505 1215 1536 Cabiilio
1233 1505 1398 1536 Cavarum
1423 1505 1579 1535 Colonia.

940 1556 1008 1586 ΙΙΙ.
1033 1555 1262 1586 Vasionensis.
1313 1555 1436 1586 Vaison.
1496 1554 1600 1586 Vasio

896 1606 1152 1637 Vocontiorum.

897 1657 1003 1687 Extra
1033 1657 1224 1687 Comitatum
1239 1655 1477 1686 Avenienensem
1506 1654 1599 1695 Epis-

1152 1709 1278 1745 copatus
1291 1709 1335 1735 est

939 1755 1208 1787 Arausionensis.
1262 1756 1400 1793 Oramge.
1450 1754 1600 1793 Aurunge

896 1805 1076 1846 indigenis,
1123 1805 1223 1844 vulgo
1253 1805 1369 1843 inepte
1399 1802 1535 1833 Aurasio
1563 1805 1605 1834 etr

895 1856 1055 1886 Auraicu:
1098 1854 1242 1885 Arausio
1289 1856 1465 1884 eavarum.
1532 1851 1599 1883 Hic

896 1905 1112 1945 Principatus
1147 1905 1249 1935 habet
1290 1904 1391 1934 hodie
1422 1903 1597 1943 proprium

895 1955 1084 1996 Dynastam
1116 1965 1175 1986 seu
1205 1953 1400 1994 Principem
1429 1962 1470 1983 ex
1496 1957 1597 1993 gente

895 2005 1122 2036 illustrissima
1140 2004 1324 2036 Nassawia.

937 2056 1026 2089 Quia
1061 2065 1143 2086 vero
1170 2055 1267 2086 initio
1310 2054 1408 2094 hujus
1437 2052 1593 2085 diatribae

895 2106 1102 2136 mentionem
1132 2104 1272 2136 fecimus
1289 2104 1489 2142 Galliarum,
1518 2112 1599 2144 quas

896 2157 929 2186 in
947 2164 1041 2187 xvu.
1069 2155 1268 2186 Provincias
1281 2153 1471 2194 Augustum
1493 2153 1600 2183 tribu—

897 2206 961 2236 isse
984 2205 1192 2244 mouuimus;
1226 2214 1292 2235 nou
1326 2213 1502 2244 possumus
1526 2202 1597 2233 sine

896 2256 1028 2296 piacuio
1059 2255 1147 2295 ipsas
1195 2254 1388 2295 provincias
1437 2252 1598 2291 transire,

896 2306 1018 2346 partim
1036 2311 1073 2337 ut
1090 2315 1165 2336 eam
1181 2304 1379 2335 divisionem
1394 2311 1600 2344 proponere-

896 2366 980 2396 mus,
1003 2356 1127 2396 partim
1152 2359 1190 2386 ut
1214 2355 1370 2386 notitiam
1389 2363 1505 2385 earum
1522 2361 1597 2392 pro-

895 2407 1092 2447 vinciarum,
1125 2417 1201 2448 quae
1238 2405 1380 2436 mirifice
1409 2405 1599 2444 depravata

896 2457 1148 2496 circumfertur,
1192 2466 1236 2488 ex
1266 2455 1439 2486 veteribus
1466 2451 1598 2484 Codicis

895 2508 957 2539 bus
974 2508 1185 2538 emendatam
1209 2504 1403 2547 posteritati
1431 2503 1597 2534 daremus.

894 2557 990 2589 Scito
1007 2556 1167 2597 quicquid
1190 2555 1363 2595 discrepat
1389 2553 1431 2585 ab
1452 2553 1598 2592 excusis,

897 2607 929 2639 id
948 2617 966 2638 a
978 2607 1109 2648 scripta
1123 2606 1270 2638 lectione
1283 2614 1369 2637 esse.
